% This file was created with JabRef 2.9.2.
% Encoding: UTF8

@INPROCEEDINGS{U-chupala2013,
  author = {P. U-chupala and P. Uthayopas and K. Ichikawa and S. Date and H.
	Abe},
  title = {An implementation of a multi-site virtual cluster cloud},
  booktitle = {10th Int. Joint Conf. on Computer Science and Software Engineering
	(JCSSE)},
  year = {2013},
  pages = {155-159}
}

@BOOK{Ozsu2011,
  title = {Principles of Distributed Database Systems},
  publisher = {Springer},
  year = {2011},
  author = {M. Tamer {\"O}zsu and Patrick Valduriez}
}

@ARTICLE{Aalst2003,
  author = {W. M. P. v. d. Aalst and M. Weske and G. Wirtz},
  title = {Advanced Topics in Workflow Management: Issues, Requirements, and
	solutions},
  journal = {Transactions of the SDPS},
  year = {2003},
  volume = {7},
  pages = {49-77},
  number = {3}
}

@ARTICLE{Abouelhoda2012,
  author = {M. Abouelhoda and S. Issa and M. Ghanem},
  title = {Tavaxy: Integrating Taverna and Galaxy workflows with cloud computing
	support},
  journal = {BMC Bioinformatics},
  year = {2012},
  volume = {13},
  pages = {77},
  number = {1}
}

@ARTICLE{Afgan2010,
  author = {E. Afgan and D. Baker and N. Coraor and B. Chapman and A. Nekrutenko
	and J. Taylor},
  title = {Galaxy CloudMan: delivering cloud compute clusters},
  journal = {BMC Bioinformatics},
  year = {2010},
  volume = {11},
  pages = {S4},
  number = {Suppl 12}
}

@INPROCEEDINGS{Albrecht2012,
  author = {M. Albrecht and P. Donnelly and P. Bui and D. Thain},
  title = {Makeflow: A Portable Abstraction for Data Intensive Computing on
	Clusters, Clouds, and Grids},
  booktitle = {1st ACM SIGMOD Workshop on Scalable Workflow Execution Engines and
	Technologies},
  year = {2012},
  pages = {1:1--1:13}
}

@ARTICLE{Alsubaiee2012,
  author = {S. Alsubaiee and Y. Altowim and H. Altwaijry and A. Behm and V. R.
	Borkar and Y. Bu and M. J. Carey and R. Grover and Z. Heilbron and
	Y. Kim and C. Li and N. Onose and P. Pirzadeh and R. Vernica and
	J. Wen},
  title = {ASTERIX: An Open Source System for "Big Data" Management and Analysis},
  journal = {Proceedings of the VLDB Endowment (PVLDB)},
  year = {2012},
  volume = {5},
  pages = {1898-1901},
  number = {12}
}

@INPROCEEDINGS{Altintas2006,
  author = {I. Altintas and O. Barney and E. Jaeger-Frank},
  title = {Provenance Collection Support in the Kepler Scientific Workflow System},
  booktitle = {Int. Conf. on Provenance and Annotation of Data},
  year = {2006},
  pages = {118--132},
  numpages = {15}
}

@INPROCEEDINGS{Altintas2004a,
  author = {I. Altintas and C. Berkley and E. Jaeger and M. Jones and B. Ludascher
	and S. Mock},
  title = {Kepler: an extensible system for design and execution of scientific
	workflows},
  booktitle = {16th Int. Conf. on Scientific and Statistical Database Management
	(SSDBM)},
  year = {2004},
  pages = {423-424}
}

@ARTICLE{Altintas2004,
  author = {I. Altintas and C. Berkley and E. Jaeger and M. Jones and B. Lud√§scher
	and S. Mock},
  title = {Kepler: Towards a {Grid-Enabled} System for Scientific Workflows},
  journal = {The Workflow in Grid Systems Workshop in {GGF10-The} 10th Global
	Grid Forum},
  year = {2004}
}

@INPROCEEDINGS{Anglano2008,
  author = {C. Anglano and M. Canonico},
  title = {Scheduling algorithms for multiple Bag-of-Task applications on Desktop
	Grids: A knowledge-free approach},
  booktitle = {22nd IEEE Int. Symposium on Parallel and Distributed Processing (IPDPS)},
  year = {2008},
  pages = {1-8}
}

@INCOLLECTION{Arkoudas2004,
  author = {K. Arkoudas and K. Zee and V. Kuncak and M. Rinard},
  title = {Verifying a File System Implementation},
  booktitle = {6th Int. Conf. on Formal Engineering Methods (ICFEM)},
  year = {2004},
  volume = {3308},
  pages = {373-390}
}

@ARTICLE{Armbrust2010,
  author = {M. Armbrust and A. Fox and R. Griffith and A. D. Joseph and R. Katz
	and A. Konwinski and G. Lee and D. Patterson and A. Rabkin and I.
	Stoica and M. Zaharia},
  title = {Communications of the ACM (CACM)},
  journal = {Commun. ACM},
  year = {2010},
  volume = {53},
  pages = {50--58},
  number = {4}
}

@ARTICLE{Ayvaz2012,
  author = {D. Ayvaz and H. R. Topcuoglu and F. Gurgen},
  title = {Performance Evaluation of Evolutionary Heuristics in Dynamic Environments},
  journal = {Applied Intelligence},
  year = {2012},
  volume = {37},
  pages = {130--144}
}

@OTHER{Belhajjame2011,
  author = {K. Belhajjame and S. Cresswell and Y. Gil and R. Golden and P. Groth
	and G. Klyne and J. McCusker and S. Miles and J. Myers and S. Sahoo},
  howpublished = {\url{http://www.w3.org/TR/2011/WD-prov-dm-20111215/}},
  title = {The PROV Data Model and Abstract Syntax Notation},
  year = {2011}
}

@ARTICLE{Benoit2013,
  author = {A. Benoit and {\"U}. V. \c{C}ataly{\"u}rek and Y. Robert and E.Saule},
  title = {A survey of pipelined workflow scheduling: Models and algorithms},
  journal = {ACM Computing Surveys},
  year = {2013},
  volume = {45},
  pages = {50},
  number = {4}
}

@INPROCEEDINGS{Blythe2005,
  author = {J. Blythe and S. Jain and E. Deelman and Y. Gil and K. Vahi and A.
	Mandal and K. Kennedy},
  title = {Task scheduling strategies for workflow-based applications in grids},
  booktitle = {5th IEEE Int. Symposium on Cluster Computing and the Grid (CCGrid)},
  year = {2005},
  pages = {759-767}
}

@INPROCEEDINGS{Borgetto2012,
  author = {Borgetto, Damien and Maurer, Michael and Da-Costa, Georges and Pierson,
	Jean-Marc and Brandic, Ivona},
  title = {Energy-efficient and SLA-aware Management of IaaS Clouds},
  booktitle = {3rd Int. Conf. on Future Energy Systems: Where Energy, Computing
	and Communication Meet},
  year = {2012},
  pages = {25:1--25:10}
}

@INPROCEEDINGS{Bouganim2000,
  author = {L. Bouganim and F. Fabret and C. Mohan and P. Valduriez},
  title = {Dynamic Query Scheduling in Data Integration Systems},
  booktitle = {International Conference on Data Engineering (ICDE)},
  year = {2000},
  pages = {425-434}
}

@INCOLLECTION{Bowers2005,
  author = {S. Bowers and B. Lud{\"a}scher},
  title = {Actor-Oriented Design of Scientific Workflows},
  booktitle = {Conceptual Modeling (ER), 24th Int. Conf. on Conceptual Modeling,
	Klagenfurt, Austria},
  year = {2005},
  volume = {3716},
  pages = {369-384}
}

@ARTICLE{Bux2013,
  author = {M. Bux and U. Leser},
  title = {Parallelization in Scientific Workflow Management Systems},
  journal = {The Computing Research Repository (CoRR)},
  year = {2013},
  volume = {abs/1303.7195}
}

@ARTICLE{Carpenter2000,
  author = {B. Carpenter and V. Getov and G. Judd and A. Skjellum and G. Fox},
  title = {MPJ: MPI-like message passing for Java},
  journal = {Concurrency and Computation: Practice and Experience},
  year = {2000},
  volume = {12},
  pages = {1019-1038},
  number = {11}
}

@INPROCEEDINGS{Chebotko2008,
  author = {A. Chebotko and S. Chang and S. Lu and F. Fotouhi and P. Yang},
  title = {Scientific Workflow Provenance Querying with Security Views},
  booktitle = {9th Int. Conf. on Web-Age Information Management (WAIM), Zhangjiajie,
	China},
  year = {2008},
  pages = {349-356}
}

@ARTICLE{Chebotko2010,
  author = {A. Chebotko and S. Lu and S. Chang and F. Fotouhi and P. Yang},
  title = {Secure Abstraction Views for Scientific Workflow Provenance Querying},
  journal = {IEEE Transactions on Services Computing},
  year = {2010},
  volume = {3},
  pages = {322-337},
  number = {4}
}

@INPROCEEDINGS{Chen2012,
  author = {W. Chen and E. Deelman},
  title = {Integration of Workflow Partitioning and Resource Provisioning},
  booktitle = {IEEE/ACM Int. Symposium on Cluster Computing and the Grid (CCGRID)},
  year = {2012},
  pages = {764-768}
}

@INPROCEEDINGS{Chen2012a,
  author = {W. Chen and E. Deelman},
  title = {Partitioning and Scheduling Workflows Across Multiple Sites with
	Storage Constraints},
  booktitle = {9th Int. Conf. on Parallel Processing and Applied Mathematics - Volume
	Part II},
  year = {2012},
  volume = {7204},
  pages = {11--20}
}

@INPROCEEDINGS{Chen2013,
  author = {W. Chen and R.F. Da Silva and E. Deelman and R. Sakellariou},
  title = {Balanced Task Clustering in Scientific Workflows},
  booktitle = {IEEE 9th Int. Conf. on e-Science},
  year = {2013},
  pages = {188-195}
}

@INPROCEEDINGS{Chervenak2012,
  author = {A. L. Chervenak and D. E. Smith and W. Chen and E. Deelman},
  title = {Integrating Policy with Scientific Workflow Management for Data-Intensive
	Applications},
  booktitle = {Supercomputing (SC) Companion: High Performance Computing, Networking
	Storage and Analysis},
  year = {2012},
  pages = {140-149}
}

@INPROCEEDINGS{Chirigati2012,
  author = {F. Chirigati and V. Silva and E. Ogasawara and D. de Oliveira and
	J. Dias and F. Porto and P. Valduriez and M. Mattoso},
  title = {Evaluating Parameter Sweep Workflows in High Performance Computing},
  booktitle = {1st ACM SIGMOD Workshop on Scalable Workflow Execution Engines and
	Technologies},
  year = {2012},
  pages = {2:1-2:10}
}

@ARTICLE{Chowdhury2011,
  author = {M. Chowdhury and M. Zaharia and J. Ma and M. I. Jordan and I. Stoica},
  title = {Managing Data Transfers in Computer Clusters with Orchestra},
  journal = {ACM SIGCOMM Conf. on Applications, Technologies, Architectures, and
	Protocols for Computer Communications},
  year = {2011},
  volume = {41},
  pages = {98--109},
  number = {4}
}

@ARTICLE{Churches2006,
  author = {D. Churches and G. Gomb{\'a}s and A. Harrison and J. Maassen and
	C. Robinson and M. S. Shields and I. J. Taylor and I. Wang},
  title = {Programming scientific and distributed workflow with Triana services},
  journal = {Concurrency and Computation: Practice and Experience},
  year = {2006},
  volume = {18},
  pages = {1021-1037},
  number = {10}
}

@MISC{Coalition1999,
  author = {Workflow Management Coalition},
  title = {Workflow Management Coalition Terminology and Glossary},
  year = {1999},
  publisher = {Workflow Management Coalition}
}

@ARTICLE{Cohen-Boulakia2014,
  author = {S. Cohen-Boulakia and J. Chen and P. Missier and C. A. Goble and
	Alan R. Williams and C. Froidevaux},
  title = {Distilling structure in Taverna scientific workflows: a refactoring
	approach},
  journal = {BMC Bioinformatics},
  year = {2014},
  volume = {15},
  pages = {S12},
  number = {S-1}
}

@INPROCEEDINGS{Costa2012,
  author = {F. Costa and D. de Oliveira and K. Ocala and E. Ogasawara and J.
	Dias and M. Mattoso},
  title = {Handling Failures in Parallel Scientific Workflows Using Clouds},
  booktitle = {Supercomputing (SC) Companion: High Performance Computing, Networking
	Storage and Analysis},
  year = {2012},
  pages = {129-139}
}

@INPROCEEDINGS{Costa2013,
  author = {F. Costa and V. Silva and D. de Oliveira and K. A. C. S. Oca{\~n}a
	and E. S. Ogasawara and J. Dias and M. Mattoso},
  title = {Capturing and querying workflow runtime provenance with PROV: a practical
	approach},
  booktitle = {EDBT/ICDT Workshops},
  year = {2013},
  pages = {282-289}
}

@INPROCEEDINGS{Coutinho2011,
  author = {F. Coutinho and L.A.V. de Carvalho and R. Santana},
  title = {A Workflow Scheduling Algorithm for Optimizing Energy-Efficient Grid
	Resources Usage},
  booktitle = {IEEE 9th Int. Conf. on Dependable, Autonomic and Secure Computing
	(DASC)},
  year = {2011},
  pages = {642-649}
}

@INPROCEEDINGS{Crawl2011,
  author = {D. Crawl and J. Wang and I. Altintas},
  title = {Provenance for MapReduce-based Data-intensive Workflows},
  booktitle = {6th Workshop on Workflows in Support of Large-scale Science},
  year = {2011},
  pages = {21--30}
}

@INPROCEEDINGS{Cruz2009,
  author = {S.M.S. da Cruz and M.L.M. Campos and M. Mattoso},
  title = {Towards a Taxonomy of Provenance in Scientific Workflow Management
	Systems},
  booktitle = {IEEE Congress on Services, Part I, SERVICES I 2009, Los Angeles,
	CA, USA},
  year = {2009},
  pages = {259-266}
}

@INPROCEEDINGS{Daoud2005,
  author = {M. Daoud and N. Kharma},
  title = {GATS 1.0: A Novel GA-based Scheduling Algorithm for Task Scheduling
	on Heterogeneous Processor Nets},
  booktitle = {Conf. on Genetic and Evolutionary Computation},
  year = {2005},
  pages = {2209--2210}
}

@INPROCEEDINGS{Dean2004,
  author = {J. Dean and S. Ghemawat},
  title = {MapReduce: Simplified Data Processing on Large Clusters},
  booktitle = {6th Symposium on Operating System Design and Implementation (OSDI
	2004)},
  year = {2004},
  pages = {137-150}
}

@ARTICLE{Deelman2009,
  author = {E. Deelman and D. Gannon and M. Shields and I. Taylor},
  title = {Workflows and e-Science: An Overview of Workflow System Features
	and Capabilities},
  journal = {Future Generation Computer Systems},
  year = {2009},
  volume = {25},
  pages = {528--540},
  number = {5}
}

@INPROCEEDINGS{Deelman2012,
  author = {E. Deelman and G. Juve and G. B. Berriman},
  title = {Using Clouds for Science, is it just Kicking the Can down the Road?},
  booktitle = {Cloud Computing and Services Science (CLOSER), 2nd Int. Conf. on
	Cloud Computing and Services Science},
  year = {2012},
  pages = {127-134}
}

@INPROCEEDINGS{Deelman2008,
  author = {E. Deelman and G. Singh and M. Livny and B. Berriman and J. Good},
  title = {The cost of doing science on the cloud: The Montage example},
  booktitle = {ACM/IEEE Conf. on High Performance Computing},
  year = {2008},
  pages = {1-12}
}

@ARTICLE{Deelman2005,
  author = {E. Deelman and G. Singh and M.-H. Su and J. Blythe and Y. Gil and
	C. Kesselman and G. Mehta and K. Vahi and G. B. Berriman and J. Good
	and A. Laity and J. C. Jacob and D. S. Katz},
  title = {Pegasus: A Framework for Mapping Complex Scientific Workflows Onto
	Distributed Systems},
  journal = {Scientific Programming},
  year = {2005},
  volume = {13},
  pages = {219--237},
  number = {3}
}

@INPROCEEDINGS{Deng2011,
  author = {K. Deng and L. Kong and J. Song and K. Ren and D. Yuan},
  title = {A Weighted K-Means Clustering Based Co-scheduling Strategy towards
	Efficient Execution of Scientific Workflows in Collaborative Cloud
	Environments},
  booktitle = {IEEE 9th Int. Conf. on Dependable, Autonomic and Secure Computing
	(DASC)},
  year = {2011},
  pages = {547-554}
}

@INPROCEEDINGS{Dias2013,
  author = {J. Dias and E. S. Ogasawara and D. de Oliveira and F. Porto and P.
	Valduriez and M. Mattoso},
  title = {Algebraic dataflows for big data analysis},
  booktitle = {IEEE Int. Conf. on Big Data},
  year = {2013},
  pages = {150-155}
}

@INPROCEEDINGS{Dias2012,
  author = {J. Dias and D. de Oliveira and M. Mattoso and K. A. C. S. Ocana and
	E. Ogasawara},
  title = {Discovering Drug Targets for Neglected Diseases Using a Pharmacophylogenomic
	Cloud Workflow},
  booktitle = {IEEE 8th Int. Conf. on E-Science (e-Science)},
  year = {2012},
  pages = {1--8}
}

@INCOLLECTION{Fahringer2007,
  author = {T. Fahringer and R. Prodan and R. Duan and J. Hofer and F. Nadeem
	and F. Nerieri and S. Podlipnig and J. Qin and M. Siddiqui and H.
	Truong and A. Villazon and M. Wieczorek},
  title = {ASKALON: A Development and Grid Computing Environment for Scientific
	Workflows},
  booktitle = {Workflows for e-Science},
  publisher = {Springer},
  year = {2007},
  pages = {450-471}
}

@INPROCEEDINGS{Fahringer2005,
  author = {T. Fahringer and R. Prodan and R. Duan and F. Nerieri and S. Podlipnig
	and J. Qin and M. Siddiqui and H. L. Truong and A. Villaz{\'o}n and
	M. Wieczorek},
  title = {ASKALON: a Grid application development and computing environment},
  booktitle = {6th IEEE/ACM Int. Conf. on Grid Computing},
  year = {2005},
  pages = {122-131}
}

@INPROCEEDINGS{Fard2013,
  author = {H. M. Fard and T. Fahringer and R. Prodan},
  title = {Budget-Constrained Resource Provisioning for Scientific Applications
	in Clouds},
  booktitle = {IEEE 5th Int. Conf. on Cloud Computing Technology and Science (CloudCom)},
  year = {2013},
  volume = {1},
  pages = {315-322}
}

@ARTICLE{Felsenstein1989,
  author = {J. Felsenstein},
  title = {PHYLIP - Phylogeny Inference Package (Version 3.2)},
  journal = {Cladistics},
  year = {1989},
  volume = {5},
  pages = {164-166}
}

@BOOK{Foster2003,
  title = {The Grid 2: Blueprint for a New Computing Infrastructure},
  publisher = {Morgan Kaufmann Publishers Inc.},
  year = {2003},
  author = {I. Foster and C. Kesselman}
}

@ARTICLE{Freire2008,
  author = {J. Freire and D. Koop and E. Santos and C. T. Silva},
  title = {Provenance for Computational Tasks: A Survey},
  journal = {Computing in Science and Engineering},
  year = {2008},
  volume = {10},
  pages = {11-21},
  number = {3}
}

@INPROCEEDINGS{Frey2001,
  author = {J. Frey and T. Tannenbaum and M. Livny and I. Foster and S. Tuecke},
  title = {Condor-G: a computation management agent for multi-institutional
	grids},
  booktitle = {10th IEEE Int. Symposium on High Performance Distributed Computing},
  year = {2001},
  pages = {55-63}
}

@INCOLLECTION{Gorlach2011,
  author = {K. G{\"o}rlach and M. Sonntag and D. Karastoyanova and F. Leymann
	and M. Reiter},
  title = {Conventional Workflow Technology for Scientific Simulation},
  booktitle = {Guide to e-Science},
  year = {2011},
  pages = {323-352}
}

@INPROCEEDINGS{Ganga2013,
  author = {K. Ganga and S. Karthik},
  title = {A fault tolerent approach in scientific workflow systems based on
	cloud computing},
  booktitle = {Int. Conf. on Pattern Recognition, Informatics and Mobile Engineering
	(PRIME)},
  year = {2013},
  pages = {387-390}
}

@INCOLLECTION{Gannon2007a,
  author = {D. Gannon},
  title = {Component Architectures and Services: From Application Construction
	to Scientific Workflows},
  booktitle = {Workflows for e-Science},
  year = {2007},
  pages = {174-189}
}

@INPROCEEDINGS{Ghemawat2003,
  author = {S. Ghemawat and H. Gobioff and S. Leung},
  title = {The Google File System},
  booktitle = {19th ACM Symposium on Operating Systems Principles},
  year = {2003},
  pages = {29--43}
}

@INCOLLECTION{Gil2007,
  author = {Y. Gil},
  title = {Workflow Composition: Semantic Representations for Flexible Automation},
  booktitle = {Workflows for e-Science},
  year = {2007},
  pages = {244-257}
}

@ARTICLE{Gil2007a,
  author = {Y. Gil and E. Deelman and M. Ellisman and T. Fahringer and G. Fox
	and D. Gannon and C. Goble and M. Livny and L. Moreau and J. Myers},
  title = {Examining the Challenges of Scientific Workflows},
  journal = {Computer},
  year = {2007},
  volume = {40},
  pages = {24-32},
  number = {12}
}

@INPROCEEDINGS{Gil2006,
  author = {Y. Gil and J. Kim and V. Ratnakar and E. Deelman},
  title = {Wings for Pegasus: A Semantic Approach to Creating Very Large Scientific
	Workflows},
  booktitle = {OWLED*06 Workshop on OWL: Experiences and Directions},
  year = {2006},
  volume = {216}
}

@INPROCEEDINGS{Glatard2005,
  author = {Glatard, T. and Montagnat, J. and Pennec, X.},
  title = {Grid-enabled workflows for data intensive medical applications},
  booktitle = {IEEE Symposium on Computer-Based Medical Systems (CBMS)},
  year = {2005},
  pages = {537-542}
}

@INCOLLECTION{Glatard2007,
  author = {T. Glatard and G. Sipos and J. Montagnat and Z. Farkas and P. Kacsuk},
  title = {Workflow-Level Parametric Study Support by MOTEUR and the P-GRADE
	Portal},
  booktitle = {Workflows for e-Science},
  year = {2007},
  pages = {279-299}
}

@INPROCEEDINGS{Goecks2012,
  author = {Goecks, J. and Nekrutenko, A. and Taylor, J.},
  title = {Lessons learned from Galaxy, a Web-based platform for high-throughput
	genomic analyses},
  booktitle = {IEEE Int. Conf. on E-Science, e-Science},
  year = {2012},
  pages = {1-6}
}

@ARTICLE{Goecks2010,
  author = {J. Goecks and A. Nekrutenko and J. Taylor},
  title = {Galaxy: a comprehensive approach for supporting accessible, reproducible,
	and transparent computational research in the life sciences},
  journal = {Genome Biology},
  year = {2010},
  volume = {11},
  pages = {1-13},
  number = {8}
}

@INCOLLECTION{A.R.Gonccalves2012,
  author = {J. A. R. Gon\c{c}alves and D. Oliveira and K. Oca{\~n}a and E. Ogasawara
	and M. Mattoso},
  title = {Using Domain-Specific Data to Enhance Scientific Workflow Steering
	Queries},
  booktitle = {Provenance and Annotation of Data and Processes},
  year = {2012},
  volume = {7525},
  pages = {152-167}
}

@ARTICLE{Gu2013,
  author = {Y. Gu and C. Wu and X. Liu and D. Yu},
  title = {Distributed Throughput Optimization for Large-Scale Scientific Workflows
	Under Fault-Tolerance Constraint},
  journal = {Journal of Grid Computing},
  year = {2013},
  volume = {11},
  pages = {361-379},
  number = {3}
}

@ARTICLE{Gulisano2012,
  author = {V. Gulisano and R. Jim{\'e}nez-Peris and M. Pati{\~n}o-Mart\'{\i}nez
	and C. Soriente and P. Valduriez},
  title = {StreamCloud: An Elastic and Scalable Data Streaming System},
  journal = {IEEE Transactions Parallel Distrib. Syst.},
  year = {2012},
  volume = {23},
  pages = {2351-2365},
  number = {12}
}

@INPROCEEDINGS{Gunter2011,
  author = {D. Gunter and E. Deelman and T. Samak and C.H. Brooks and M. Goode
	and G. Juve and G. Mehta and P. Moraes and F. Silva and M. Swany
	and K. Vahi},
  title = {Online workflow management and performance analysis with Stampede},
  booktitle = {7th Int. Conf. on Network and Service Management (CNSM)},
  year = {2011},
  pages = {1-10}
}

@INPROCEEDINGS{Hategan2011,
  author = {M. Hategan and J. Wozniak and K. Maheshwari},
  title = {Coasters: Uniform Resource Provisioning and Access for Clouds and
	Grids},
  booktitle = {4th IEEE Int. Conf. on Utility and Cloud Computing},
  year = {2011},
  pages = {114--121},
  numpages = {8}
}

@ARTICLE{Hendrickson2000,
  author = {B. Hendrickson and T. G. Kolda},
  title = {Graph Partitioning Models for Parallel Computing},
  journal = {Parallel Computing},
  year = {2000},
  volume = {26},
  pages = {1519--1534},
  number = {12}
}

@INPROCEEDINGS{Hernandez,
  author = {F. Hern√°ndez and T. Fahringer},
  title = {Towards Workflow Sharing and Reusein the ASKALON Grid Environment},
  booktitle = {Proceedings of Cracow Grid Workshops (CGW)},
  year = {2008},
  pages = {111‚Äì119}
}

@INPROCEEDINGS{Holl2012,
  author = {S. Holl and O. Zimmermann and M. Hofmann-Apitius},
  title = {A new optimization phase for scientific workflow management systems},
  booktitle = {8th IEEE Int. Conf. on E-Science},
  year = {2012},
  pages = {1-8}
}

@INPROCEEDINGS{Horta2012,
  author = {F. Horta and J. Dias and K.A.C.S. Ocana and D. de Oliveira and E.
	Ogasawara and M. Mattoso},
  title = {Abstract: Using Provenance to Visualize Data from Large-Scale Experiments},
  booktitle = {Supercomputing (SC): High Performance Computing, Networking Storage
	and Analysis},
  year = {2012},
  pages = {1418-1419}
}

@INPROCEEDINGS{Hoste2006,
  author = {K. Hoste and A. Phansalkar and L. Eeckhout and A. Georges and L.
	K. John and K. De Bosschere},
  title = {Performance Prediction Based on Inherent Program Similarity},
  booktitle = {15th Int. Conf. on Parallel Architectures and Compilation Techniques},
  year = {2006},
  pages = {114--122}
}

@ARTICLE{Huedo2004,
  author = {E. Huedo and R. S. Montero and I. M. Llorente},
  title = {A framework for adaptive execution in grids},
  journal = {Software - Practice and Experience (SPE)},
  year = {2004},
  volume = {34},
  pages = {631-651},
  number = {7}
}

@INCOLLECTION{Hume2012,
  author = {A. C. Hume and Y. Al-Hazmi and B. Belter and K. Campowsky and L.
	M. Carril. and G. Carrozzo and V. Engen and D. Garc\'{i}a-P\'{e}rez
	and J. J. Ponsat\'{i} and R. K\~{u}bert and Y. Liang and C. Rohr
	and G. Seghbroeck},
  title = {BonFIRE: A Multi-cloud Test Facility for Internet of Services Experimentation},
  booktitle = {Testbeds and Research Infrastructure. Development of Networks and
	Communities},
  year = {2012},
  volume = {44},
  pages = {81-96}
}

@MISC{Ian,
  author = {Ian, Foster},
  title = {What is the Grid? A Three Point Checklist},
  date = {2002-07},
  publisher = {{GRIDtoday}}
}

@INPROCEEDINGS{Isard2007,
  author = {M. Isard and M. Budiu and Y. Yu and A. Birrell and D. Fetterly},
  title = {Dryad: Distributed Data-parallel Programs from Sequential Building
	Blocks},
  booktitle = {2nd ACM SIGOPS/EuroSys European Conf. on Computer Systems},
  year = {2007},
  pages = {59--72}
}

@INPROCEEDINGS{Islam2012,
  author = {M. Islam and A. K. Huang and M. Battisha and M. Chiang and S. Srinivasan
	and C. Peters and A. Neumann and A. Abdelnur},
  title = {Oozie: Towards a Scalable Workflow Management System for Hadoop},
  booktitle = {1st ACM SIGMOD Workshop on Scalable Workflow Execution Engines and
	Technologies},
  year = {2012},
  pages = {4:1--4:10}
}

@ARTICLE{Jacob2009,
  author = {J. C. Jacob and D. S. Katz and G. B. Berriman and J. C. Good and
	A. C. Laity and E. Deelman and C. Kesselman and G. Singh and M.-H.
	Su and T. A. Prince and R. Williams},
  title = {Montage: a grid portal and software toolkit for science-grade astronomical
	image mosaicking},
  journal = {Int. Journal of Computational Science and Engineering},
  year = {2009},
  volume = {4},
  pages = {73--87},
  number = {2}
}

@INPROCEEDINGS{Jin2013,
  author = {T. Jin and F. Zhang and Q. Sun and H. Bui and M. Parashar and H.
	Yu and S. Klasky and N. Podhorszki and H. Abbasi},
  title = {Using Cross-layer Adaptations for Dynamic Data Management in Large
	Scale Coupled Scientific Workflows},
  booktitle = {SC13: Int. Conf. for High Performance Computing, Networking, Storage
	and Analysis},
  year = {2013},
  pages = {74:1--74:12}
}

@INCOLLECTION{Jones2007,
  author = {A. C. Jones},
  title = {Workflow and Biodiversity e-Science},
  booktitle = {Workflows for e-Science},
  year = {2007},
  pages = {80-90}
}

@INPROCEEDINGS{Gadelha2013,
  author = {L. M. R. {Gadelha Jr.} and M. Wilde and M. Mattoso and I. Foster},
  title = {Provenance Traces of the Swift Parallel Scripting System},
  booktitle = {EDBT/ICDT Workshops},
  year = {2013},
  pages = {325--326}
}

@ARTICLE{Jr.2012,
  author = {L. M. R. Gadelha Jr. and M. Wilde and M. Mattoso and I. T. Foster},
  title = {MTCProv: a practical provenance query framework for many-task scientific
	computing},
  journal = {Distributed and Parallel Databases},
  year = {2012},
  volume = {30},
  pages = {351-370},
  number = {5-6}
}

@INCOLLECTION{Juve2011,
  author = {G. Juve and E. Deelman},
  title = {Scientific Workflows in the Cloud},
  booktitle = {Grids, Clouds and Virtualization},
  publisher = {Springer},
  year = {2011},
  pages = {71-91}
}

@INPROCEEDINGS{Juve2011a,
  author = {G. Juve and E. Deelman},
  title = {Wrangler: Virtual Cluster Provisioning for the Cloud},
  booktitle = {20th Int. Symposium on High Performance Distributed Computing},
  year = {2011},
  pages = {277-278},
  numpages = {2}
}

@ARTICLE{Juve2013,
  author = {Juve, G. and Rynge, M. and Deelman, E. and Vockler, J.-S. and Berriman,
	G.B.},
  title = {Comparing FutureGrid, Amazon EC2, and Open Science Grid for Scientific
	Workflows},
  journal = {Computing in Science Engineering},
  year = {2013},
  volume = {15},
  pages = {20-29},
  number = {4}
}

@OTHER{Kalayci,
  author = {Kalayci, Selim and Sadjadi, S. Masoud},
  owner = {su201500},
  timestamp = {2014.03.12},
  title = {Pattern-based Decentralization and Run-time Adaptation Framework
	for Multi-site Workflow Orchestrations}
}

@INPROCEEDINGS{Kandaswamy2008,
  author = {G. Kandaswamy and A. Mandal and D. A. Reed},
  title = {Fault Tolerance and Recovery of Scientific Workflows on Computational
	Grids},
  booktitle = {8th IEEE Int. Symposium on Cluster Computing and the Grid (CCGrid),
	Lyon, France},
  year = {2008},
  pages = {777-782}
}

@INPROCEEDINGS{Karuna2012,
  author = {Karuna, K. and Mangala, N. and Janaki, C. and Shashi, S. and Subrata,
	C.},
  title = {Galaxy Workflow Integration on Garuda Grid},
  booktitle = {IEEE Int. Workshop on Enabling Technologies: Infrastructure for Collaborative
	Enterprises (WETICE)},
  year = {2012},
  pages = {194-196}
}

@INPROCEEDINGS{Karypis1998,
  author = {Karypis, George and Kumar, Vipin},
  title = {Multilevel Algorithms for Multi-constraint Graph Partitioning},
  booktitle = {ACM/IEEE Conf. on Supercomputing},
  year = {1998},
  pages = {1--13}
}

@ARTICLE{Kim2008,
  author = {J. Kim and E. Deelman and Y. Gil and G. Mehta and V. Ratnakar},
  title = {Provenance Trails in the Wings-Pegasus System},
  journal = {Concurrency and Computation: Practice and Experience},
  year = {2008},
  volume = {20},
  pages = {587-597}
}

@BOOK{Korf2003,
  title = {BLAST - an essential guide to the basic local alignment search tool},
  publisher = {O'Reilly},
  year = {2003},
  author = {I. Korf and M. Yandell and J. A. Bedell},
  pages = {I-XVIII, 1-339}
}

@ARTICLE{Kumar2010,
  author = {V. S. Kumar and T. Kurc and V. Ratnakar and J. Kim and G. Mehta and
	K. Vahi and Y. Nelson and P. Sadayappan and E. Deelman and Y. Gil
	and M. Hall and J. Saltz},
  title = {Parameterized specification, configuration and execution of data-intensive
	scientific workflows},
  journal = {Cluster Computing},
  year = {2010},
  volume = {13},
  pages = {315-333},
  number = {3}
}

@INCOLLECTION{Lin2007,
  author = {A. W. Lin and S. T. Peltier and J. S. Grethe and M. H. Ellisman},
  title = {Case Studies on the Use of Workflow Technologies for Scientific Analysis:
	The Biomedical Informatics Research Network and the Telescience Project},
  booktitle = {Workflows for e-Science},
  year = {2007},
  pages = {109-125}
}

@ARTICLE{Lin2009,
  author = {C. Lin and S. Lu and X. Fei and A. Chebotko and D. Pai and Z. Lai
	and F. Fotouhi and J. Hua},
  title = {A Reference Architecture for Scientific Workflow Management Systems
	and the VIEW SOA Solution},
  journal = {IEEE Transactions on Services Computing},
  year = {2009},
  volume = {2},
  pages = {79--92},
  number = {1}
}

@INPROCEEDINGS{Liroz-Gistau2013,
  author = {M. Liroz-Gistau and R. Akbarinia and D. Agrawal and E. Pacitti and
	P. Valduriez},
  title = {Data Partitioning for Minimizing Transferred Data in MapReduce},
  booktitle = {Globe},
  year = {2013},
  pages = {1-12}
}

@ARTICLE{Liroz-Gistau2013a,
  author = {M. Liroz-Gistau and R. Akbarinia and E. Pacitti and F. Porto and
	P. Valduriez},
  title = {Dynamic Workload-Based Partitioning Algorithms for Continuously Growing
	Databases},
  journal = {Transactions on Large-Scale Data- and Knowledge-Centered Systems
	XII},
  year = {2013},
  volume = {12},
  pages = {105-128}
}

@INPROCEEDINGS{Litzkow1988,
  author = {M. J. Litzkow and M. Livny and M. W. Mutka},
  title = {Condor-a hunter of idle workstations},
  booktitle = {8th Int. Conf. on Distributed Computing Systems},
  year = {1988},
  pages = {104-111}
}

@INPROCEEDINGS{Liu2012,
  author = {B. Liu and B. Sotomayor and R. Madduri and K. Chard and I. Foster},
  title = {Deploying Bioinformatics Workflows on Clouds with Galaxy and Globus
	Provision},
  booktitle = {Supercomputing (SC) Companion: High Performance Computing, Networking,
	Storage and Analysis (SCC)},
  year = {2012},
  pages = {1087-1095}
}

@ARTICLE{Ludascher2006,
  author = {B. Lud{\"a}scher and I. Altintas and C. Berkley and D. Higgins and
	E. Jaeger and M. B. Jones and E. A. Lee and J. Tao and Y. Zhao},
  title = {Scientific workflow management and the Kepler system},
  journal = {Concurrency and Computation: Practice and Experience},
  year = {2006},
  volume = {18},
  pages = {1039-1065},
  number = {10}
}

@INCOLLECTION{Maechling2007,
  author = {P. Maechling and E. Deelman and L. Zhao and R. Graves and G. Mehta
	and N. Gupta and J. Mehringer and C. Kesselman and S. Callaghan and
	D. Okaya and H. Francoeur and V. Gupta and Y. Cui and K. Vahi and
	T. Jordan and E. Field},
  title = {SCEC CyberShake Workflows‚ÄîAutomating Probabilistic Seismic Hazard
	Analysis Calculations},
  booktitle = {Workflows for e-Science},
  year = {2007},
  pages = {143-163}
}

@INPROCEEDINGS{Maheswaran1999,
  author = {M. Maheswaran and S. Ali and H. J. Siegel and D. Hensgen and R. F.
	Freund},
  title = {Dynamic Matching and Scheduling of a Class of Independent Tasks Onto
	Heterogeneous Computing Systems},
  booktitle = {8th Heterogeneous Computing Workshop},
  year = {1999},
  pages = {30--}
}

@INPROCEEDINGS{Majithia2004,
  author = {S. Majithia and M. S. Shields and I. J. Taylor and I. Wang},
  title = {Triana: A Graphical Web Service Composition and Execution Toolkit},
  booktitle = {IEEE Int. Conf. on Web Services
	
	},
  year = {2004},
  pages = {514-}
}

@INPROCEEDINGS{Malawski2012,
  author = {M. Malawski and G. Juve and E. Deelman and J. Nabrzyski},
  title = {Cost- and deadline-constrained provisioning for scientific workflow
	ensembles in IaaS clouds},
  booktitle = {Supercomputing (SC) Conf. on High Performance Computing Networking,
	Storage and Analysis},
  year = {2012},
  pages = {1-11}
}

@INPROCEEDINGS{Mandal2011,
  author = {A. Mandal and Y. Xin and I. Baldine and P. Ruth and C. Heerman and
	J. Chase and V. Orlikowski and A. Yumerefendi},
  title = {Provisioning and Evaluating Multi-domain Networked Clouds for Hadoop-based
	Applications},
  booktitle = {Cloud Computing Technology and Science (CloudCom), IEEE 3rd Int.
	Conf. on Cloud Computing Technology and Science},
  year = {2011},
  pages = {690-697}
}

@INPROCEEDINGS{Mattoso2013,
  author = {M. Mattoso and K. Oca\~{n}a and F. Horta and J. Dias and E. Ogasawara
	and V. Silva and D. de Oliveira and F. Costa and I. Ara\'{u}jo},
  title = {User-steering of HPC Workflows: State-of-the-art and Future Directions},
  booktitle = {Proceedings of the 2Nd ACM SIGMOD Workshop on Scalable Workflow Execution
	Engines and Technologies},
  year = {2013},
  pages = {4:1-4:6},
  numpages = {6}
}

@article{Mattoso2014,
title = {Dynamic steering of {HPC} scientific workflows: A survey},
journal = {Future Generation Computer Systems },
number = {0},
year = {2014},
author = {M. Mattoso and J. Dias and K. A.C.S. Oca{\~n}a and E. Ogasawara and F. Costa and F. Horta and V. Silva and D. de Oliveira},
}

@INCOLLECTION{Mattoso2010,
  author = {M. Mattoso and C. Werner and G.H. Travassos and V. Braganholo and
	E. Ogasawara and D. Oliveira and S.M.S. Cruz and W. Martinho and
	L. Murta},
  title = {Towards supporting the life cycle of large scale scientific experiments},
  booktitle = {Int. J. Business Process Integration and Management},
  year = {2010},
  volume = {5},
  number = {1},
  pages = {79-82}
}

@INPROCEEDINGS{Missier2010,
  author = {P. Missier and S. Soiland-Reyes and S. Owen and W. Tan and A. Nenadic
	and I. Dunlop and A. Williams and T. Oinn and C. Goble},
  title = {Taverna, Reloaded},
  booktitle = {Int. Conf. on Scientific and Statistical Database Management},
  year = {2010},
  pages = {471--481}
}

@INPROCEEDINGS{Morar2012,
  author = {G. A. Morar and F. Sch{\"u}ller and S. Ostermann and R. Prodan and
	G. Mayr},
  title = {Meteorological Simulations in the Cloud with the ASKALON Environment},
  booktitle = {European Conf. on Parallel Processing (Euro-Par)},
  year = {2012},
  volume = {7640},
  pages = {68-78}
}

@INPROCEEDINGS{Nagavaram2011,
  author = {A. Nagavaram and G. Agrawal and M. A. Freitas and K. H. Telu and
	G. Mehta and R. G. Mayani and E. Deelman},
  title = {A Cloud-based Dynamic Workflow for Mass Spectrometry Data Analysis},
  booktitle = {IEEE 7th Int. Conf. on E-Science (e-Science)},
  year = {2011},
  pages = {47-54}
}

@INPROCEEDINGS{Nguyen2012,
  author = {D. Nguyen and N. Thoai},
  title = {EBC: Application-level migration on multi-site cloud},
  booktitle = {Int. Conf. on Systems and Informatics (ICSAI)},
  year = {2012},
  pages = {876-880}
}

@ARTICLE{Nicolae2011,
  author = {B. Nicolae and G. Antoniu and L. Boug{\'e} and D. Moise and A. Carpen-Amarie},
  title = {BlobSeer: Next-generation Data Management for Large Scale Infrastructures},
  journal = {Journal of Parallel and Distributed Computing},
  year = {2011},
  volume = {71},
  pages = {169--184},
  number = {2}
}

@INCOLLECTION{Ocana2011,
  author = {K. A.C.S. Oca{\~n}a and D. Oliveira and E. Ogasawara and A. M.R.
	D{\'a}vila and A. A.B. Lima and M. Mattoso},
  title = {SciPhy: A Cloud-Based Workflow for Phylogenetic Analysis of Drug
	Targets in Protozoan Genomes},
  booktitle = {Advances in Bioinformatics and Computational Biology},
  year = {2011},
  volume = {6832},
  pages = {66-70}
}

@INCOLLECTION{Ocana2012,
  author = {K. A. C. S. Oca{\~n}a and D. Oliveira and F. Horta and J. Dias and
	E. Ogasawara and M. Mattoso},
  title = {Exploring Molecular Evolution Reconstruction Using a Parallel Cloud
	Based Scientific Workflow},
  booktitle = {Advances in Bioinformatics and Computational Biology},
  year = {2012},
  volume = {7409},
  pages = {179-191}
}

@INPROCEEDINGS{Ocana2011a,
  author = {K. A. C. S. Ocana and D. de Oliveira and J. Dias and E. Ogasawara
	and M. Mattoso},
  title = {Optimizing Phylogenetic Analysis Using SciHmm Cloud-based Scientific
	Workflow},
  booktitle = {IEEE 7th Int. Conf. on E-Science (e-Science)},
  year = {2011},
  pages = {62-69},
  month = {Dec}
}

@ARTICLE{Ogasawara2013,
  author = {E. S. Ogasawara and J. Dias and V. Silva and F. S. Chirigati and
	D. de Oliveira and F. Porto and P. Valduriez and M. Mattoso},
  title = {Chiron: a parallel engine for algebraic scientific workflows},
  journal = {Concurrency and Computation: Practice and Experience},
  year = {2013},
  volume = {25},
  pages = {2327-2341},
  number = {16}
}

@ARTICLE{Ogasawara2011,
  author = {E. S. Ogasawara and D. de Oliveira and P. Valduriez and J. Dias and
	F. Porto and M. Mattoso},
  title = {An Algebraic Approach for Data-Centric Scientific Workflows},
  journal = {Proceedings of the VLDB Endowment (PVLDB)},
  year = {2011},
  volume = {4},
  pages = {1328-1339},
  number = {12}
}

@inproceedings{Woitaszek2011,
 author = {M. Woitaszek and J. M. Dennis and T. R. Sines},
 title = {Parallel High-resolution Climate Data Analysis Using Swift},
 booktitle = {ACM Int. Workshop on Many Task Computing on Grids and Supercomputers},
 year = {2011},
 pages = {5-14},
 numpages = {10},
} 

@INCOLLECTION{Oinn2007,
  author = {T. Oinn and P. Li and D. B. Kell and C. Goble and A. Goderis and
	M. Greenwood and D. Hull and R. Stevens and D. Turi and J. Zhao},
  title = {Taverna/myGrid: Aligning a Workflow System with the Life Sciences
	Community},
  booktitle = {Workflows for e-Science},
  year = {2007},
  pages = {300-319}
}

@ARTICLE{DBLP:journals/bioinformatics/OinnAFMSGCGPWL04,
  author = {T. M. Oinn and M. Addis and J. Ferris and D. Marvin and M. Senger
	and R. M. Greenwood and T. Carver and K. Glover and M. R. Pocock
	and A. Wipat and P. Li},
  title = {Taverna: a tool for the composition and enactment of bioinformatics
	workflows},
  year = {2004},
  volume = {20},
  pages = {3045-3054},
  number = {17}
}

@ARTICLE{Oinn2004,
  author = {T. M. Oinn and M. Addis and J. Ferris and D. Marvin and Ma. Senger
	and R. Mark Greenwood and T. Carver and K. Glover and M. R. Pocock
	and A. Wipat and P. Li},
  title = {Taverna: a tool for the composition and enactment of bioinformatics
	workflows},
  journal = {Bioinformatics},
  year = {2004},
  volume = {20},
  pages = {3045-3054},
  number = {17}
}

@ARTICLE{Oliveira2012a,
  author = {D. de Oliveira and K. A. C. S. Oca{\~n}a and F. Bai{\~a}o and M.
	Mattoso},
  title = {A Provenance-based Adaptive Scheduling Heuristic for Parallel Scientific
	Workflows in Clouds},
  journal = {Journal of Grid Computing},
  year = {2012},
  volume = {10},
  pages = {521-552},
  number = {3}
}

@INPROCEEDINGS{Oliveira2010,
  author = {D. de Oliveira and E. Ogasawara and F. Bai{\~a}o and M. Mattoso},
  title = {SciCumulus: A Lightweight Cloud Middleware to Explore Many Task Computing
	Paradigm in Scientific Workflows},
  booktitle = {3rd Int. Conf. on Cloud Computing (CLOUD)},
  year = {2010},
  pages = {378-385}
}

@ARTICLE{Oliveira2012,
  author = {D. de Oliveira and E. Ogasawara and K. Oca{\~n}a and F. Bai{\~a}o
	and M. Mattoso},
  title = {An Adaptive Parallel Execution Strategy for Cloud-based Scientific
	Workflows},
  journal = {Concurrency and Computation: Practice \& Experience},
  year = {2012},
  volume = {24},
  pages = {1531--1550},
  number = {13}
}

@OTHER{Montage,
  howpublished = {\url{http://montage.ipac.caltech.edu/docs/gridtools.html}},
  title = {Montage}
}

@INPROCEEDINGS{Oliveira2013,
  author = {D. de Oliveira and V. Viana and E. Ogasawara and K. Ocana and M.
	Mattoso},
  title = {Dimensioning the Virtual Cluster for Parallel Scientific Workflows
	in Clouds},
  booktitle = {4th ACM Workshop on Scientific Cloud Computing},
  year = {2013},
  pages = {5--12}
}

@INPROCEEDINGS{Olston2008,
  author = {C. Olston and B. Reed and U. Srivastava and R. Kumar and A. Tomkins},
  title = {Pig latin: a not-so-foreign language for data processing},
  booktitle = {ACM SIGMOD Int. Conf. on Management of Data (SIGMOD)},
  year = {2008},
  pages = {1099-1110}
}

@INPROCEEDINGS{Ostermann2011,
  author = {S. Ostermann and K. Plankensteiner and R. Prodan and T. Fahringer},
  title = {GroudSim: An Event-based Simulation Framework for Computational Grids
	and Clouds},
  booktitle = {European Conf. on Parallel Processing (Euro-Par) Workshops},
  year = {2011},
  pages = {305-313},
  numpages = {9}
}

@INPROCEEDINGS{Ostermann2009,
  author = {S. Ostermann and R. Prodan and T. Fahringer},
  title = {Extending Grids with cloud resource management for scientific computing},
  booktitle = {10th IEEE/ACM Int. Conf. on Grid Computing},
  year = {2009},
  pages = {42-49}
}

@INPROCEEDINGS{Ostermann2009a,
  author = {S. Ostermann and R. Prodan and T. Fahringer},
  title = {Extending Grids with cloud resource management for scientific computing},
  booktitle = {10th IEEE/ACM Int. Conf. on Grid Computing},
  year = {2009},
  pages = {42-49}
}

@BOOK{Pacitti2012a,
  title = {P2P Techniques for Decentralized Applications},
  publisher = {Morgan {\&} Claypool Publishers},
  year = {2012},
  author = {E. Pacitti and R. Akbarinia and M. E. Dick}
}

@ARTICLE{Pacitti2012,
  author = {E. Pacitti and P. Valduriez},
  title = {Zenith: Scientific Data Management on a Large Scale},
  journal = {ERCIM News},
  year = {2012},
  volume = {2012},
  number = {89}
}

@ARTICLE{Pacitti2007,
  author = {E. Pacitti and P. Valduriez and M. Mattoso},
  title = {Grid Data Management: Open Problems and New Issues},
  journal = {J. Grid Comput.},
  year = {2007},
  volume = {5},
  pages = {273-281},
  number = {3}
}

@ARTICLE{Plankensteiner2013,
  author = {K. Plankensteiner and R. Prodan and M. Janetschek and T. Fahringer
	and J. Montagnat and D. Rogers and I. Harvey and I. Taylor and {\'A}.
	Balask\'o and P. Kacsuk},
  title = {Fine-Grain Interoperability of Scientific Workflows in Distributed
	Computing Infrastructures},
  journal = {Journal of Grid Computing},
  year = {2013},
  volume = {11},
  pages = {429-455},
  number = {3}
}

@INPROCEEDINGS{Preslan1999,
  author = {K. W. Preslan and A. P. Barry and J. E. Brassow and G. M. Erickson
	and E. Nygaard and C. J. Sabol and S. R. Soltis and D. C. Teigland
	and M. T. O'Keefe},
  title = {A 64-bit, shared disk file system for Linux},
  booktitle = {16th IEEE Symposium on Mass Storage Systems},
  year = {1999},
  pages = {22-41}
}

@INPROCEEDINGS{Prodan2007,
  author = {R. Prodan},
  title = {Online Analysis and Runtime Steering of Dynamic Workflows in the
	ASKALON Grid Environment},
  booktitle = {7th IEEE Int. Symposium on Cluster Computing and the Grid (CCGRID)},
  year = {2007},
  pages = {389-400}
}

@ARTICLE{Raicu2008,
  author = {I. Raicu and Y. Zhao and I. T. Foster and A. S. Szalay},
  title = {Data Diffusion: Dynamic Resource Provision and Data-Aware Scheduling
	for Data Intensive Applications},
  journal = {The Computing Research Repository (CoRR)},
  year = {2008},
  volume = {abs/0808.3535}
}

@INPROCEEDINGS{Ramakrishnan2007,
  author = {A. Ramakrishnan and G. Singh and H. Zhao and E. Deelman and R. Sakellariou
	and K. Vahi and K. Blackburn and D. Meyers and M. Samidi},
  title = {Scheduling Data-IntensiveWorkflows onto Storage-Constrained Distributed
	Resources},
  booktitle = {7th IEEE Int. Symposium on Cluster Computing and the Grid (CCGRID)},
  year = {2007},
  pages = {401-409}
}

@INPROCEEDINGS{Ranganathan2002,
  author = {K. Ranganathan and I. Foster},
  title = {Decoupling computation and data scheduling in distributed data-intensive
	applications},
  booktitle = {11th IEEE International Symposium on High Performance Distributed
	Computing (HPDC-11)},
  year = {2002},
  pages = {352-358}
}

@INPROCEEDINGS{Samak2011,
  author = {T. Samak and D. Gunter and M. Goode and E. Deelman and G. Juve and
	G. Mehta and F. Silva and K. Vahi},
  title = {Online Fault and Anomaly Detection for Large-Scale Scientific Workflows},
  booktitle = {13th IEEE Int. Conf. on High Performance Computing and Communications
	(HPCC)},
  year = {2011},
  pages = {373-381}
}

@INCOLLECTION{Sandberg1988,
  author = {R. Sandberg and D. Golgberg and S. Kleiman and D. Walsh and B. Lyon},
  title = {Innovations in Internetworking},
  year = {1988},
  chapter = {Design and Implementation of the Sun Network Filesystem},
  pages = {379--390}
}

@INPROCEEDINGS{Schmuck2002,
  author = {F. Schmuck and R. Haskin},
  title = {{GPFS}: A Shared-Disk File System for Large Computing Clusters},
  booktitle = {1st USENIX Conf. on File and Storage Technologies},
  year = {2002}
}

@INPROCEEDINGS{Shvachko2010,
  author = {K. Shvachko and H. Kuang and S. Radia and R. Chansler},
  title = {The Hadoop Distributed File System},
  booktitle = {IEEE 26th Symposium on Mass Storage Systems and Technologies (MSST)},
  year = {2010},
  pages = {1-10}
}

@INPROCEEDINGS{Singh2003,
  author = {G. Singh and S. Bharathi and A. Chervenak and E. Deelman and C. Kesselman
	and M. Manohar and S. Patil and L. Pearlman},
  title = {A Metadata Catalog Service for Data Intensive Applications},
  booktitle = {ACM/IEEE Conf. on Supercomputing},
  year = {2003},
  pages = {33--}
}

@INPROCEEDINGS{Singh2008,
  author = {G. Singh and M.-H. Su and K. Vahi and E. Deelman and B. Berriman
	and J. Good and D. S. Katz and G. Mehta},
  title = {Workflow Task Clustering for Best Effort Systems with Pegasus},
  booktitle = {15th ACM Mardi Gras Conf.: From Lightweight Mash-ups to Lambda Grids:
	Understanding the Spectrum of Distributed Computing Requirements,
	Applications, Tools, Infrastructures, Interoperability, and the Incremental
	Adoption of Key Capabilities},
  year = {2008},
  pages = {9:1--9:8}
}

@INCOLLECTION{Slominski2007,
  author = {A. Slominski},
  title = {Adapting BPEL to Scientific Workflows},
  booktitle = {Workflows for e-Science},
  year = {2007},
  pages = {208-226}
}

@INPROCEEDINGS{Smanchat2009,
  author = {S. Smanchat and M. Indrawan and S. Ling and C. Enticott and D. Abramson},
  title = {Scheduling Multiple Parameter Sweep Workflow Instances on the Grid},
  booktitle = {5th IEEE Int. Conf. on e-Science},
  year = {2009},
  pages = {300-306}
}

@BOOK{Snir1998,
  title = {MPI-The Complete Reference, Volume 1: The MPI Core},
  publisher = {MIT Press},
  year = {1998},
  author = {M. Snir and S. Otto and S. Huss-Lederman and D. Walker and J. Dongarra}
}

@INPROCEEDINGS{Tanaka2012,
  author = {M. Tanaka and O. Tatebe},
  title = {Workflow Scheduling to Minimize Data Movement Using Multi-constraint
	Graph Partitioning},
  booktitle = {12th IEEE/ACM Int. Symposium on Cluster, Cloud and Grid Computing
	(Ccgrid)},
  year = {2012},
  pages = {65--72}
}

@INCOLLECTION{Taylor2007,
  author = {I. Taylor and M. Shields and I. Wang and A. Harrison},
  title = {The Triana Workflow Environment: Architecture and Applications},
  booktitle = {Workflows for e-Science},
  publisher = {Springer},
  year = {2007},
  pages = {320-339}
}

@ARTICLE{Thain2005,
  author = {D. Thain and T. Tannenbaum and M. Livny},
  title = {Distributed Computing in Practice: The Condor Experience: Research
	Articles},
  journal = {Concurrency and Computation: Practice \& Experience},
  year = {2005},
  volume = {17},
  pages = {323--356},
  number = {2-4}
}

@INPROCEEDINGS{Thusoo2010,
  author = {A. Thusoo and J. S. Sarma and N. Jain and Z. Shao and P. Chakka and
	N. Zhang and S. Anthony and H. Liu and R. Murthy},
  title = {Hive - a petabyte scale data warehouse using Hadoop},
  booktitle = {26th Int. Conf. on Data Engineering (ICDE)},
  year = {2010},
  pages = {996-1005}
}

@ARTICLE{Topcuouglu2002,
  author = {H. Topcuouglu and S. Hariri and M. Wu},
  title = {Performance-Effective and Low-Complexity Task Scheduling for Heterogeneous
	Computing},
  journal = {IEEE Transactions on Parallel and Distributed Systems},
  year = {2002},
  volume = {13},
  pages = {260--274},
  number = {3}
}

@INPROCEEDINGS{Tudoran2012,
  author = {R. Tudoran and A. Costan and G. Antoniu and H. Soncu},
  title = {TomusBlobs: Towards Communication-Efficient Storage for MapReduce
	Applications in Azure},
  booktitle = {12th IEEE/ACM Int. Symposium on Cluster, Cloud and Grid Computing
	(CCGrid)},
  year = {2012},
  pages = {427-434}
}

@INPROCEEDINGS{Vahi2012,
  author = {K. Vahi and I. Harvey and T. Samak and D. Gunter and K. Evans and
	D. Rogers and I. Taylor and M. Goode and F. Silva and E. Al-Shakarchi
	and G. Mehta and A. Jones and E. Deelman},
  title = {A General Approach to Real-Time Workflow Monitoring},
  booktitle = {Supercomputing (SC) Companion: High Performance Computing, Networking,
	Storage and Analysis (SCC)},
  year = {2012},
  pages = {108-118}
}

@INBOOK{Valduriez2007,
  chapter = {Handbook of Database Technology},
  title = {Parallel Database Systems},
  publisher = {CRC Press},
  year = {2007},
  author = {P. Valduriez and E. Pacitti}
}

@ARTICLE{Vaquero2008,
  author = {L. M. Vaquero and L. Rodero-Merino and J. Caceres and M. Lindner},
  title = {A Break in the Clouds: Towards a Cloud Definition},
  journal = {ACM SIGCOMM Computer Communication Review},
  year = {2008},
  volume = {39},
  pages = {50--55},
  number = {1}
}

@INPROCEEDINGS{Wang2012,
  author = {J. Wang and I. Altintas},
  title = {Early Cloud Experiences with the Kepler Scientific Workflow System},
  booktitle = {Int. Conf. on Computational Science (ICCS)},
  year = {2012},
  volume = {9},
  pages = {1630-1634}
}

@INPROCEEDINGS{Wang2009,
  author = {J. Wang and D. Crawl and I. Altintas},
  title = {Kepler + Hadoop: A General Architecture Facilitating Data-intensive
	Applications in Scientific Workflow Systems},
  booktitle = {4th Workshop on Workflows in Support of Large-Scale Science},
  year = {2009},
  pages = {12:1--12:8}
}

@ARTICLE{Watson2012,
  author = {P. Watson},
  title = {A multi-level security model for partitioning workflows over federated
	clouds},
  journal = {Journal of Cloud Computing},
  year = {2012},
  volume = {1},
  pages = {1-15},
  number = {1}
}

@BOOK{White2009,
  title = {Hadoop: The Definitive Guide},
  publisher = {O'Reilly Media, Inc.},
  year = {2009},
  author = {T. White}
}

@BOOK{Wieder2011,
  title = {Service Level Agreements for Cloud Computing},
  publisher = {Springer},
  year = {2011},
  author = {P. Wieder and J. M. Butler and W. Theilmann and R. Yahyapour}
}

@ARTICLE{Wilde2011,
  author = {M. Wilde and M. Hategan and J. M. Wozniak and B. Clifford and D.
	S. Katz and I. Foster},
  title = {Swift: A Language for Distributed Parallel Scripting},
  journal = {Parallel Computing},
  year = {2011},
  volume = {37},
  pages = {633--652},
  number = {9}
}

@ARTICLE{Wolstencroft2013,
  author = {K. Wolstencroft and R. Haines and D. Fellows and A. R. Williams and
	D. Withers and S. Owen and S. Soiland-Reyes and I. Dunlop and A.
	Nenadic and P. Fisher and J. Bhagat and K. Belhajjame and F. Bacall
	and A. Hardisty and A. N. de la Hidalga and M. P. Balcazar Vargas
	and S. Sufi and C. A. Goble},
  title = {The Taverna workflow suite: designing and executing workflows of
	Web Services on the desktop, web or in the cloud},
  journal = {Nucleic Acids Research},
  year = {2013},
  volume = {41},
  pages = {557-561},
  number = {Webserver-Issue}
}

@INPROCEEDINGS{Wozniak2012,
  author = {J. M. Wozniak and T. G. Armstrong and K. Maheshwari and E. L. Lusk
	and D. S. Katz and M. Wilde and I. T. Foster},
  title = {Turbine: A Distributed-memory Dataflow Engine for Extreme-scale Many-task
	Applications},
  booktitle = {1st ACM SIGMOD Workshop on Scalable Workflow Execution Engines and
	Technologies},
  year = {2012},
  pages = {5:1--5:12},
  numpages = {12}
}

@INPROCEEDINGS{Yang2006,
  author = {L. Yang and J. M. Schopf and C. L. Dumitrescu and I. Foster},
  title = {Statistical data reduction for efficient application performance
	monitoring},
  booktitle = {6th IEEE Int. Symposium onCluster Computing and the Grid (CCGRID)},
  year = {2006},
  volume = {1},
  pages = {8 pp.-334}
}

@INPROCEEDINGS{Yildiz2009,
  author = {U. Yildiz and A. Guabtni and A. H. H. Ngu},
  title = {Business Versus Scientific Workflows: A Comparative Study},
  booktitle = {IEEE Congress on Services, Part I, Services I},
  year = {2009},
  pages = {340--343}
}

@ARTICLE{Yu2005,
  author = {J. Yu and R. Buyya},
  title = {A Taxonomy of Workflow Management Systems for Grid Computing},
  journal = {Journal of Grid Computing},
  year = {2005},
  volume = {3},
  pages = {171-200}
}

@INPROCEEDINGS{Yu2007,
  author = {Z. Yu and W. Shi},
  title = {An Adaptive Rescheduling Strategy for Grid Workflow Applications},
  booktitle = {IEEE Int. Parallel and Distributed Processing Symposium (IPDPS)},
  year = {2007},
  pages = {1-8}
}

@INPROCEEDINGS{Yuan2010,
  author = {D. Yuan and Y. Yang and X. Liu and J. Chen},
  title = {A cost-effective strategy for intermediate data storage in scientific
	cloud workflow systems},
  booktitle = {IEEE Int. Symposium on Parallel Distributed Processing (IPDPS)},
  year = {2010},
  pages = {1-12}
}

@INPROCEEDINGS{Yun2013,
  author = {D. Yun and Q. Wu and Y. Gu and X. Liu},
  title = {On an Integrated Mapping and Scheduling Solution to Large-scale Scientific
	Workflows in Resource Sharing Environments},
  booktitle = {46th Annual Simulation Symposium},
  year = {2013},
  pages = {7:1--7:8}
}

@INPROCEEDINGS{Zaharia2010,
  author = {M. Zaharia and M. Chowdhury and M. J. Franklin and S. Shenker and
	I. Stoica},
  title = {Spark: Cluster Computing with Working Sets},
  booktitle = {2Nd USENIX Conf. on Hot Topics in Cloud Computing},
  year = {2010},
  pages = {10--10}
}

@ARTICLE{Zhang2013,
  author = {H. Zhang and S. Soiland-Reyes and C. A. Goble},
  title = {Taverna Mobile: Taverna workflows on Android},
  journal = {The Computing Research Repository (CoRR)},
  year = {2013},
  volume = {abs/1309.2787}
}

@ARTICLE{Zhang2010,
  author = {Q. Zhang and L. Cheng and R. Boutaba},
  title = {Cloud computing: state-of-the-art and research challenges},
  journal = {Journal of Internet Services and Applications},
  year = {2010},
  volume = {1},
  pages = {7-18}
}

@INPROCEEDINGS{Zhang2011,
  author = {Z. Zhang and D. S. Katz and M. Ripeanu and M. Wilde and I. T. Foster},
  title = {AME: An Anyscale Many-task Computing Engine},
  booktitle = {6th Workshop on Workflows in Support of Large-scale Science},
  year = {2011},
  pages = {137--146}
}

@INPROCEEDINGS{Zhao2007,
  author = {Y. Zhao and M. Hategan and B. Clifford and I. Foster and G. von Laszewski
	and V. Nefedova and I. Raicu and T. Stef-Praun and M. Wilde},
  title = {Swift: Fast, Reliable, Loosely Coupled Parallel Computation},
  booktitle = {IEEE Int. Conf. on Services Computing - Workshops (SCW)},
  year = {2007},
  pages = {199-206}
}

@INPROCEEDINGS{Zhao2008,
  author = {Y. Zhao and I. Raicu and I. T. Foster},
  title = {Scientific Workflow Systems for 21st Century, New Bottle or New Wine?},
  booktitle = {IEEE Congress on Services, Part I, Services I},
  year = {2008},
  pages = {467-471}
}

@INCOLLECTION{Zhao2007a,
  author = {Y. Zhao and M. Wilde and I. Foster},
  title = {Virtual Data Language: A Typed Workflow Notation for Diversely Structured
	Scientific Data},
  booktitle = {Workflows for e-Science},
  year = {2007},
  pages = {258-275}
}

@inproceedings{Barker2007,
 author = {A. Barker and J. Van Hemert},
 title = {Scientific Workflow: A Survey and Research Directions},
 booktitle = {7th Int. Conf. on Parallel Processing and Applied Mathematics},
 year = {2008},
 pages = {746-753},
 numpages = {8}
} 

@article{Tersty2014,
  author    = {G. Tersty{\'{a}}nszky and
               T. Kukla and
               T. Kiss and
               P. Kacsuk and
               {\'{A}}. Balask{\'{o}} and
               Z. Farkas},
  title     = {Enabling scientific workflow sharing through coarse-grained interoperability},
  journal   = {Future Generation Computer Systems},
  volume    = {37},
  pages     = {46-59},
  year      = {2014}
}

@article{Plankensteiner2013,
  author    = {K. Plankensteiner and
               R. Prodan and
               M. Janetschek and
               T. Fahringer and
               J. Montagnat and
               D. Rogers and
               I. Harvey and
               I. Taylor and
               {\'{A}}. Balask{\'{o}} and
               P. Kacsuk},
  title     = {Fine-Grain Interoperability of Scientific Workflows in Distributed
               Computing Infrastructures},
  journal   = {Journal of Grid Computing},
  volume    = {11},
  number    = {3},
  pages     = {429-455},
  year      = {2013}
}

@article{Kacsuk2011,
 author = {P. Kacsuk},
 title = {P-GRADE Portal Family for Grid Infrastructures},
 journal = {Concurrency and Computation: Practice and Experience},
 issue_date = {2011},
 volume = {23},
 number = {3},
 year = {2011},
 pages = {235--245},
} 

@article{Zhang2010,
  author    = {Q. Zhang and
               L. Cheng and
               R. Boutaba},
  title     = {Cloud computing: state-of-the-art and research challenges},
  journal   = {Journal of Internet Services and Applications},
  volume    = {1},
  number    = {1},
  pages     = {7-18},
  year      = {2010},
}

@inproceedings{Reynolds2011,
  author    = {C. J. Reynolds and
               S. C. Winter and
               G. Tersty{\'{a}}nszky and
               T. Kiss and
               P. Greenwell and
               S. Acs and
               P. Kacsuk},
  title     = {Scientific Workflow Makespan Reduction through Cloud Augmented Desktop
               Grids},
  booktitle = {{IEEE} 3rd International Conference on Cloud Computing Technology
               and Science},
  pages     = {18-23},
  year      = {2011}
}

@inproceedings{Critchlow2011,
  author    = {T. Critchlow and
               G. Chin Jr.},
  title     = {Supercomputing and Scientific Workflows Gaps and Requirements},
  booktitle = {World Congress on Services},
  pages     = {208-211},
  year      = {2011}
}

@INPROCEEDINGS{Pautasso2006, 
author={C. Pautasso and G. Alonso}, 
booktitle={Workshop on Workflows in Support of Large-Scale Science}, 
title={Parallel computing patterns for Grid workflows}, 
year={2006}, 
pages={1-10}
}

@inproceedings{Altintas2004,
  author    = {I. Altintas and
               A. Birnbaum and
               K. Baldridge and
               W. Sudholt and
               M. A. Miller and
               C. Amoreira and
               Y. Potier and
               B. Lud{\"{a}}scher},
  title     = {A Framework for the Design and Reuse of Grid Workflows},
  booktitle = {1st Int. Workshop on Scientific Applications of Grid Computing},
  pages     = {120-133},
  year      = {2004}
}

@article{Garijo2014,
  author    = {D. Garijo and
               P. Alper and
               K. Belhajjame and
               {\'{O}}. Corcho and
               Y. Gil and
               C. A. Goble},
  title     = {Common motifs in scientific workflows: An empirical analysis},
  journal   = {Future Generation Computer Systems},
  volume    = {36},
  pages     = {338-351},
  year      = {2014}
}

@inproceedings{Yildiz2009,
  author    = {U. Yildiz and
               A. Guabtni and
               A. H. H. Ngu},
  title     = {Towards scientific workflow patterns},
  booktitle = {4th Workshop on Workflows in Support of Large-Scale Science},
  year      = {2009}
}

@inproceedings{Bergmann2011,
  author    = {R. Bergmann and
               Y. Gil},
  title     = {Retrieval of Semantic Workflows with Knowledge Intensive Similarity
               Measures},
  booktitle = {19th Int. Conf. on Case-Based Reasoning Research and Development},
  pages     = {17-31},
  year      = {2011}
}

@article{Brandic2011,
  author    = {I. Brandic and
               S. Dustdar},
  title     = {Grid vs Cloud - {A} Technology Comparison},
  journal   = {it - Information Technology},
  volume    = {53},
  number    = {4},
  pages     = {173-179},
  year      = {2011}
}

@misc{grid5000, 
 title = {Grid'5000 Project},
 howpublished = {\url{https://www.grid5000.fr/mediawiki/index.php}},
 year = {2015}
}

@misc{MicrosoftAzure, 
 title = {Microsoft {A}zure Cloud},
 howpublished = {\url{http://azure.microsoft.com/}},
 year = {2015}
}

@misc{AmazonCloud, 
 title = {Amazon Cloud},
 howpublished = {\url{http://aws.amazon.com/}},
 year = {2015}
}

@inproceedings{Shankar2007,
  author    = {Srinath Shankar and
               David J. DeWitt},
  title     = {Data driven workflow planning in cluster management systems},
  booktitle = {16th International Symposium on High-Performance
               Distributed Computing {(HPDC-16})},
  pages     = {127-136},
  year      = {2007}
}

@article{Fard2014,
  author    = {H. Mohammadi Fard and
               R. Prodan and
               T. Fahringer},
  title     = {Multi-objective list scheduling of workflow applications in distributed
               computing infrastructures},
  journal   = {Journal of Parallel and Distributed Computing},
  volume    = {74},
  number    = {3},
  pages     = {2152-2165},
  year      = {2014}
}

@article{Duan2014,
  author    = {R. Duan and
               R. Prodan and
               X. Li},
  title     = {Multi-Objective Game Theoretic Schedulingof Bag-of-Tasks Workflows
               on Hybrid Clouds},
  journal   = {IEEE Transactions on Cloud Computing},
  volume    = {2},
  number    = {1},
  pages     = {29-42},
  year      = {2014}
}

@incollection{Gottdank2014,
year={2014},
booktitle={Science Gateways for Distributed Computing Infrastructures},
editor={P. Kacsuk},
title={Introduction to the WS-PGRADE/gUSE Science Gateway Framework},
publisher={Springer International Publishing},
author={T. Gottdank},
pages={19-32}
}

@incollection{Balasko2014,
year={2014},
booktitle={Science Gateways for Distributed Computing Infrastructures},
editor={P. Kacsuk},
title={Workflow Concept of WS-PGRADE/gUSE},
publisher={Springer International Publishing},
author={{\'{A}}. Balask\'{o}},
pages={33-50}
}

@incollection{Tersty2014a,
year={2014},
booktitle={Science Gateways for Distributed Computing Infrastructures},
editor={P. Kacsuk},
title={Sharing Science Gateway Artefacts Through Repositories},
publisher={Springer International Publishing},
author={G. Tersty\'{a}nszky and E. Michniak and T. Kiss and {\'{A}}. Balask\'{o}},
pages={123-135}
}

@article{Kacsuk2012,
year={2012},
journal={Journal of Grid Computing},
volume={10},
number={4},
title={WS-PGRADE/gUSE Generic DCI Gateway Framework for a Large Variety of User Communities},
author={P. Kacsuk and Z. Farkas and M. Kozlovszky and G. Hermann and A. Balasko and K. Karoczkai and I. Marton},
pages={601-630}
}

@incollection{Shahand2014,
year={2014},
booktitle={Science Gateways for Distributed Computing Infrastructures},
editor={P. Kacsuk},
title={Computational Neuroscience Gateway: A Science Gateway Based on the WS-PGRADE/gUSE},
publisher={Springer International Publishing},
author={S. Shahand and M. Jaghoori and A. Benabdelkader and J. Font-Calvo and J. Huguet and M.W.A. Caan and A.H.C. van Kampen and S.D. Olabarriaga},
pages={139-149}
}

@incollection{Gesing2014,
year={2014},
booktitle={Science Gateways for Distributed Computing Infrastructures},
editor={P. Kacsuk},
title={Molecular Simulation Grid (MosGrid): A Science Gateway Tailored to the Molecular Simulation Community},
publisher={Springer International Publishing},
author={S. Gesing and J. Kr\"{u}ger and R. Grunzke and L. de la Garza and S. Herres-Pawlis and A. Hoffmann},
pages={151-165}
}

@incollection{Kocair2014,
year={2014},
booktitle={Science Gateways for Distributed Computing Infrastructures},
editor={P. Kacsuk},
title={Statistical Seismology Science Gateway},
publisher={Springer International Publishing},
author={{\c{C}}. Kocair and C. {\c{S}}ener and A.D. Akkaya},
pages={167-180}
}

@incollection{Sciacca2014,
year={2014},
booktitle={Science Gateways for Distributed Computing Infrastructures},
editor={P. Kacsuk},
title={VisIVO Gateway and VisIVO Mobile for the Astrophysics Community},
publisher={Springer International Publishing},
author={E. Sciacca and F. Vitello and U. Becciani and A. Costa and P. Massimino},
pages={181-194}
}

@incollection{Olabarriaga2014,
year={2014},
booktitle={Science Gateways for Distributed Computing Infrastructures},
editor={P. Kacsuk},
title={WS-PGRADE/gUSE-Based Science Gateways in Teaching},
publisher={Springer International Publishing},
author={S. Olabarriaga and A. Benabdelkader and M.W.A. Caan and M.M. Jaghoori and J. Kr\"{u}ger and L. de la Garza and C. Mohr and B. Schubert and A. Danezi and T. Kiss},
pages={223-234}
}

@incollection{Kiss2014,
year={2014},
booktitle={Science Gateways for Distributed Computing Infrastructures},
editor={P. Kacsuk},
title={WS-PGRADE/gUSE in European Projects},
publisher={Springer International Publishing},
author={T. Kiss and P. Kacsuk and R. Lovas and {\'{A}}. Balask√≥ and A. Spinuso and M. Atkinson and D. D‚ÄôAgostino and E. Danovaro and M. Schiffers},
pages={235-254},
}

@incollection{Kiss2014a,
year={2014},
booktitle={Science Gateways for Distributed Computing Infrastructures},
editor={P. Kacsuk},
title={Commercial Use of WS-PGRADE/gUSE},
publisher={Springer International Publishing},
author={T. Kiss and P. Kacsuk and E. Tak\'{a}cs and {\'{A}}. Szab\'{o} and P. Tihanyi and S.J.E. Taylor},
pages={271-286}
}

@incollection{Kacsuk2014,
year={2014},
booktitle={Science Gateways for Distributed Computing Infrastructures},
editor={P. Kacsuk},
title={DCI Bridge: Executing WS-PGRADE Workflows in Distributed Computing Infrastructures},
publisher={Springer International Publishing},
author={M. Kozlovszky and K. Kar\'{o}czkai and I. M\'{a}rton and P. Kacsuk and T. Gottdank},
pages={51-67}
}

@incollection{Farkas2014,
year={2014},
booktitle={Science Gateways for Distributed Computing Infrastructures},
editor={P. Kacsuk},
title={WS-PGRADE/gUSE and Clouds},
publisher={Springer International Publishing},
author={Z. Farkas and {\'{A}}. Hajnal and P. Kacsuk},
pages={97-109}
}

@inproceedings{Liu2014,
  author    = {J. Liu and
               V. Silva and
               E. Pacitti and
               P. Valduriez and
               M. Mattoso},
  title     = {Scientific Workflow Partitioning in Multisite Cloud},
  booktitle = {BigDataCloud'2014: 3rd Workshop on Big Data Management in Clouds	in conjunction with Euro-Par},
  pages     = {105-116},
  year      = {2014}
}

@article{Milojicic2011,
  author = {D. S. Milojicic and I. M. Llorente and R. S. Montero},
  journal = {IEEE Internet Computing},
  title = {OpenNebula: A Cloud Management Tool.},
  number = {2},
  pages = {11-14},
  volume = {15},
  year = {2011}
}

@book{Jackson2012,
 author = {K. Jackson},
 title = {OpenStack Cloud Computing Cookbook},
 year = {2012},
 publisher = {Packt Publishing},
} 

@article {Deelman2014,
	title = {Pegasus: a Workflow Management System for Science Automation},
	journal = {Future Generation Computer Systems},
	year = {2014},
	author = {E. Deelman and K. Vahi and G. Juve and M. Rynge and S. Callaghan and P. J. Maechling and R. Mayani and W. Chen and R. F. d. Silva and M. Livny and K. Wenger}
}

@misc{PegasusUserGuide, 
 title = {Pegasus 4.4.1 user guide},
 howpublished = {\url{https://pegasus.isi.edu/wms/docs/latest/}},
 year = {2015}
}

@ARTICLE{Tarapanoff2001,
  author = {K. Tarapanoff and L. Quoniam and R. H. de Ara{\'u}jo J{\'u}nior and
	L. Alvares},
  title = {Intelligence obtained by applying data mining to a database of French
	theses on the subject of Brazil},
  journal = {Information Research},
  year = {2001},
  volume = {7},
  number = {1}
}

@OTHER{Azure,
  howpublished = {http://azure.microsoft.com},
  title = {Microsoft {A}zure}
}

@OTHER{dblp,
  howpublished = {http://dblp.uni-trier.de/},
  title = {{DBLP} {C}omputer {S}cience {B}ibliography}
}

@OTHER{VMA,
  howpublished = {http://msdn.microsoft.com/en-us/library/azure/dn197896.aspx},
  title = {{VM} parameters in {A}zure}
}

@OTHER{VMB,
  howpublished = {http://windowsazureguide.net/tag/auzre-virtual-machines-sizes-bandwidth/},
  title = {{VM} bandwidth in {A}zure}
}

@article{Liu2015,
year={2015},
journal={Journal of Grid Computing},
title={A Survey of Data-Intensive Scientific Workflow Management},
author={J. Liu and E. Pacitti and P. Valduriez and M. Mattoso},
pages={1-37}
}

@article{Rahman2013,
  author    = {M. Rahman and
               M. R. Hassan and
               R. Ranjan and
               R. Buyya},
  title     = {Adaptive workflow scheduling for dynamic grid and cloud computing
               environment},
  journal   = {Concurrency and Computation: Practice and Experience},
  volume    = {25},
  number    = {13},
  pages     = {1816-1842},
  year      = {2013}
}

@article{Wieczorek2005,
 author = {M. Wieczorek and R. Prodan and T. Fahringer},
 title = {Scheduling of Scientific Workflows in the ASKALON Grid Environment},
 journal = {SIGMOD Record},
 volume = {34},
 number = {3},
 year = {2005},
 pages = {56-62}
} 

@INPROCEEDINGS{Etminani2007, 
author={K. Etminani and M. Naghibzadeh}, 
booktitle={The Third IEEE/IFIP Int. Conf. in Central Asia on Internet (ICI 2007)}, 
title={A Min-Min Max-Min selective algorihtm for grid task scheduling}, 
year={2007}, 
pages={1-7}
}

@inproceedings{Rodriguez2015,
  author    = {M. A. Rodriguez and R. Buyya},
  title     = {A Responsive Knapsack-based Algorithm for Resource Provisioning and Scheduling of Scientific Workflows in Clouds},
  booktitle = {44th Int. Conf. on Parallel Processing, {ICPP} },
  year      = {2015}
}

@ARTICLE{Zadeh1963, 
author={L. Zadeh}, 
journal={IEEE Transactions on Automatic Control}, 
title={Optimality and non-scalar-valued performance criteria}, 
year={1963}, 
volume={8}, 
number={1}, 
pages={59-60}
}

@INPROCEEDINGS{Coutinho2014, 
author={R. Coutinho and L. Drummond and Y. Frota and D. de Oliveira and K. Ocana}, 
booktitle={2014 IEEE Int. Conf. on Cluster Computing (CLUSTER)}, 
title={Evaluating Grasp-based cloud dimensioning for comparative genomics: A practical approach}, 
year={2014}, 
pages={371-379}
}

@incollection{Sardina2010,
  year={2010},
  booktitle={Euro-Par 2009 ‚Äì Parallel Processing Workshops},
  volume={6043},
  title={An Efficient Weighted Bi-objective Scheduling Algorithm for Heterogeneous Systems},
  author={I. Sardi{\~n}a and C. Boeres and L. de A. Drummond},
  pages={102-111}
}

@article{Chang2002,
  author    = {D. Chang and
               J. H. Son and
               M. Kim},
  title     = {Critical path identification in the context of a workflow},
  journal   = {Information {\&} Software Technology},
  volume    = {44},
  number    = {7},
  pages     = {405-417},
  year      = {2002}
}

@article{Sun2013,
  author    = {X. Sun and
               Y. Chen},
  title     = {Reevaluating Amdahl's law in the multicore era},
  journal   = {Journal of Parallel and Distributed Computing},
  volume    = {70},
  number    = {2},
  pages     = {183-188},
  year      = {2010}
}

@OTHER{ComputingCapacity,
  howpublished = {\url{http://en.community.dell.com/techcenter/high-performance-computing/w/wiki/2329}},
  title = {Computing capacity for a {CPU}}
}

@techreport{Liu2014a,
  title = {Parallelization of Scientific Workflows in the Cloud},
  author = {J. Liu and E. Pacitti and P. Valduriez and M. Mattoso},
  type = {Research Report},
  number = {RR-8565},
  year = {2014}
}

@Article{Marler2004,
author={R.T. Marler and J.S. Arora},
title={Survey of multi-objective optimization methods for engineering},
journal={Structural and Multidisciplinary Optimization},
year={2004},
volume={26},
number={6},
pages={369--395}
}

@OTHER{AzureCLI,
  howpublished = {\url{https://azure.microsoft.com/en-us/documentation/articles/virtual-machines-command-line-tools/}},
  title = {Azure CLI}
}

@OTHER{Oma,
  howpublished = {\url{http://omabrowser.org/All/eukaryotes.cdna.fa.gz}},
  howpublished = {\url{http://omabrowser.org/All/oma-groups.txt.gz}},
  title = {Oma genome database}
}

@OTHER{OmaGroup,
  howpublished = {\url{http://omabrowser.org/All/oma-groups.txt.gz}},
  title = {Sequence identifier}
}

@OTHER{DTP,
  howpublished = {\url{https://azure.microsoft.com/en-us/pricing/details/data-transfers/}},
  title = {Data Transfer Price}
}

@inproceedings{Blagodurov2015,
  author    = {S. Blagodurov and
               A. Fedorova and
               E. Vinnik and
               T. Dwyer and
               F. Hermenier},
  title     = {Multi-objective job placement in clusters},
  booktitle = {Proceedings of the Int. Conf. for High Performance Computing,
               Networking, Storage and Analysis, {SC}},
  pages     = {66:1-66:12},
  year      = {2015}
}

@techreport{Hiden2010,
  title = {e-Science central: cloud-based e-Science and its application to chemical property modelling},
  author = {H. Hiden and P. Watson and S. Woodman and D. Leahy},
  type = {Tchnical Report},
  number = {CS-TR-1227},
  year = {2010}
}

@article {Hiden2012,
	author = {H. Hiden and S. Woodman and P. Watson and J. Cala},
	title = {Developing cloud applications using the e-Science Central platform},
	volume = {371},
	number = {1983},
	year = {2012},
	journal = {Philosophical Transactions of the Royal Society of London A: Mathematical, Physical and Engineering Sciences}
}

@inproceedings{Luis2015,
  author    = {L. Pineda{-}Morales and
               A. Costan and
               G. Antoniu},
  title     = {Towards Multi-site Metadata Management for Geographically Distributed
               Cloud Workflows},
  booktitle = {2015 {IEEE} Int. Conf. on Cluster Computing, {CLUSTER}},
  pages     = {294-303},
  year      = {2015}
}

@article{Bhuvaneshwar2015,
author = {K. Bhuvaneshwar and D. Sulakhe and R. Gauba and A. Rodriguez and R. Madduri and U. Dave and L. Lacinski and I. Foster and Y. Gusev and S. Madhavan},
title = {A case study for cloud based high throughput analysis of \{NGS\} data using the globus genomics system },
journal = {Computational and Structural Biotechnology Journal},
volume = {13},
pages = {64 - 74},
year = {2015}
}

@inproceedings{Cala2014,
  author    = {J. Cala and Y. Xu and E.A. Wijaya and P. Missier},
  title     = {From Scripted HPC-Based {NGS} Pipelines to Workflows on the Cloud},
  booktitle = {14th {IEEE/ACM} Int. Symposium on Cluster, Cloud and Grid
               Computing (CCGrid)},
  pages     = {694-700},
  year      = {2014}
}

@OTHER{AzureServiceBus,
  howpublished = {\url{http://azure.microsoft.com/en-us/services/service-bus/}},
  title = {Azure Service Bus}
}

@OTHER{AzureVM,
  howpublished = {\url{https://azure.microsoft.com/en-us/pricing/details/virtual-machines/}},
  title = {Parameters of different types of VMs in Microsoft {A}zure}
}

@article{Oliveira2013,
  author    = {D. De Oliveira and K. A. C. S. Oca{\~n}a  and E. Ogasawara and J. Dias and J. Gon\c{c}Alves and F. Bai{\~a}o and M. Mattoso},
  title     = {Performance Evaluation of Parallel Strategies in Public Clouds: A Study with Phylogenomic Workflows},
  journal   = {Future Generation Computer Systems},
  volume    = {29},
  number    = {7},
  pages     = {1816-1825},
  year      = {2013}
}


@article{Littauer2012,
  author    = {R. Littauer and K. Ram and B. Lud{\"{a}}scher and W. Michener and R. Koskela},
  title     = {Trends in Use of Scientific Workflows: Insights from a Public Repository
               and Recommendations for Best Practice},
  journal   = {International Journal of Digital Curation ({IJDC})},
  volume    = {7},
  number    = {2},
  pages     = {92-100},
  year      = {2012}
}

@misc{montage,
	Date-Added = {2015-03-25 18:01:42 +0000},
	Date-Modified = {2015-03-25 18:02:07 +0000},
	Note = {\url{http://montage.ipac.caltech.edu/}},
	Title = {Montage}}

@misc{amazon,
	Note = {\url{http://aws.amazon.com/fr/s3/}},
	Title = {{Amazon S3}}}

@misc{azure1,
	Note = {\url{http://www.windowsazure.com/en-us/}},
	Title = {{Microsoft Azure Cloud}}}

@misc{azurepricing,
	Note = {\url{https://azure.microsoft.com/en-us/pricing/details/virtual-machines/}},
	Title = {{Microsoft Azure - Pricing Virtual Machines}}}

@misc{google,
	Note = {\url{https://cloud.google.com/}},
	Title = {{Google Cloud Platform}}}

@misc{ec2,
	Note = {\url{https://aws.amazon.com/ec2/}},
	Title = {{Amazon Elastic Compute Cloud}}}

@misc{hbase,
	Note = {\url{http://hbase.apache.org}},
	Title = {{Apache HBase}}}

@misc{cffs,
	Date-Modified = {2015-03-25 10:29:40 +0000},
	Note = {\url{http://www.ece.cmu.edu/~ganger/smallfiles.html}},
	Title = {{Colocating Fast FS}}}

@misc{azurecache,
	Date-Modified = {2015-03-25 10:51:26 +0000},
	Note = {\url{https://msdn.microsoft.com/en-us/library/azure/dn386094}},
	Title = {{MCache}}}

@misc{rediscache,
	Note = {\url{http://redis.io}},
	Title = {{Redis Cache}}}

@misc{azurespeed,
	Note = {\url{http://www.azurespeed.com/}},
	Title = {{Azure Speed Test}}}
	
@misc{earthquake,
	Note = {\url{http://earthquake.usgs.gov/monitoring/anss/}},
	Title = {{USGS ANSS - Advanced National Seismic System}}}

@misc{azurecases,
	Date-Modified = {2015-03-25 11:15:57 +0000},
	Note = {\url{http://azure.microsoft.com/en-us/case-studies/}},
	Title = {{Azure Success Stories}}}

@misc{quota,
	Note = {\url{https://cloud.google.com/compute/docs/resource-quotas}},
	Title = {{Resource Quotas - Google Cloud Platform}}}

@misc{alice,
	Note = {\url{http://aliceinfo.cern.ch/general/index.html}},
	Title = {{Alice Collaboration}}}

@misc{azurebus,
	Note = {\url{https://azure.microsoft.com/en-us/services/service-bus/}},
	Title = {{Microsoft Azure Service Bus}}}

@inproceedings{smallfiles,
	Author = {Carns, P. and Lang, S. and Ross, R. and Vilayannur, M. and Kunkel, J. and Ludwig, T.},
	Booktitle = {IEEE Int. Symp. on Parallel Distributed Processing},
	Date-Modified = {2015-03-25 10:56:17 +0000},
	Doi = {10.1109/IPDPS.2009.5161029},
	Issn = {1530-2075},
	Keywords = {file organisation;parallel processing;large I/O operation;parallel file system;small-file access;small-file create rate;small-file removal rate;small-file stat rate;very large scale system;Application software;Benchmark testing;Best practices;Computer science;Concurrent computing;File systems;Laboratories;Large-scale systems;Mathematics;System testing},
	Pages = {1-11},
	Series = {IPDPS '09},
	Title = {Small-file access in parallel file systems},
	Year = {2009},
	Bdsk-Url-1 = {http://dx.doi.org/10.1109/IPDPS.2009.5161029}}

@inproceedings{panfs,
	Acmid = {1364815},
	Articleno = {2},
	Author = {Welch, Brent and Unangst, Marc and Abbasi, Zainul and Gibson, Garth and Mueller, Brian and Small, Jason and Zelenka, Jim and Zhou, Bin},
	Booktitle = {Proc. of the 6th USENIX Conference on File and Storage Technologies},
	Location = {San Jose, California},
	Numpages = {17},
	Pages = {2:1--2:17},
	Series = {FAST'08},
	Title = {Scalable Performance of the Panasas Parallel File System},
	Year = {2008}}

@inproceedings{Carns,
	Articleno = {6},
	Author = {Carns, Philip H. and Settlemyer, Bradley W. and Ligon,III, Walter B.},
	Booktitle = {Proc. of the 2008 ACM/IEEE Conference on Supercomputing},
	Isbn = {978-1-4244-2835-9},
	Location = {Austin, Texas},
	Numpages = {8},
	Pages = {6:1--6:8},
	Series = {SC '08},
	Title = {Using Server-to-server Communication in Parallel File Systems to Simplify Consistency and Improve Performance},
	Year = {2008}}

@inproceedings{PVFS,
	Author = {P.H. Carns and W. B. Ligon and R. B. Ross},
	Booktitle = {In Proc. of the 4th Linux Showcase \& Conf.},
	Date-Modified = {2015-03-25 10:34:06 +0000},
	Title = {{PVFS: a parallel file system for linux clusters}},
	Year = {2008}}

@inproceedings{Shibata,
	Acmid = {1851585},
	Author = {Shibata, Takeshi and Choi, SungJun and Taura, Kenjiro},
	Booktitle = {Proc. of the 19th ACM Intl. Symposium on High Performance Distributed Computing},
	Date-Modified = {2015-03-25 10:54:37 +0000},
	Doi = {10.1145/1851476.1851585},
	Isbn = {978-1-60558-942-8},
	Keywords = {distributed filesystems, workflow applications},
	Location = {Chicago, Illinois},
	Numpages = {10},
	Pages = {746--755},
	Publisher = {ACM},
	Series = {HPDC '10},
	Title = {File-access Patterns of Data-intensive Workflow Applications and Their Implications to Distributed Filesystems},
	Year = {2010},
	Bdsk-Url-1 = {http://dx.doi.org/10.1145/1851476.1851585}}

@inproceedings{afs,
	Author = {Tudoran, Radu and Costan, Alexandru and Rad, Ramin Rezai and Brasche, Goetz and Antoniu, Gabriel},
	Booktitle = {Big Data, 2013 IEEE Intl. Conference on},
	Date-Modified = {2015-03-25 10:52:20 +0000},
	Organization = {IEEE},
	Pages = {273--281},
	Title = {Adaptive file management for scientific workflows on the Azure cloud},
	Year = {2013}}

@inproceedings{indexfs,
	Acmid = {2683620},
	Address = {Piscataway, NJ, USA},
	Author = {Ren, Kai and Zheng, Qing and Patil, Swapnil and Gibson, Garth},
	Booktitle = {Proceedings of the International Conference for High Performance Computing, Networking, Storage and Analysis},
	Doi = {10.1109/SC.2014.25},
	Isbn = {978-1-4799-5500-8},
	Keywords = {bulk insertion, distributed file systems, file system metadata, log-structured merge tree, stateless caching},
	Location = {New Orleans, Louisana},
	Numpages = {12},
	Pages = {237--248},
	Publisher = {IEEE Press},
	Series = {SC '14},
	Title = {IndexFS: Scaling File System Metadata Performance with Stateless Caching and Bulk Insertion},
	Year = {2014},
	Bdsk-Url-1 = {http://dx.doi.org/10.1109/SC.2014.25}}

@article{chiron,
  title={An algebraic approach for data-centric scientific workflows},
  author={Ogasawara, Eduardo and Dias, Jonas and Porto, Fabio and Valduriez, Patrick and Mattoso, Marta},
  journal={Proc. of VLDB Endowment},
  volume={4},
  number={12},
  pages={1328--1339},
  year={2011}
}

@incollection{dht,
	Author = {Galuba, Wojciech and Girdzijauskas, Sarunas},
	Booktitle = {Encyclopedia of Database Systems},
	Date-Modified = {2015-03-25 10:53:40 +0000},
	Doi = {10.1007/978-0-387-39940-9_1232},
	Isbn = {978-0-387-35544-3},
	Language = {English},
	Pages = {903-904},
	Publisher = {Springer US},
	Title = {Distributed Hash Table},
	Year = {2009},
	Bdsk-Url-1 = {http://dx.doi.org/10.1007/978-0-387-39940-9_1232}}

@article{mapred,
	Acmid = {1327492},
	Address = {New York, NY, USA},
	Author = {Dean, Jeffrey and Ghemawat, Sanjay},
	Doi = {10.1145/1327452.1327492},
	Issn = {0001-0782},
	Issue_Date = {January 2008},
	Journal = {Commun. ACM},
	Month = jan,
	Number = {1},
	Numpages = {7},
	Pages = {107--113},
	Publisher = {ACM},
	Title = {MapReduce: Simplified Data Processing on Large Clusters},
	Volume = {51},
	Year = {2008},
	Bdsk-Url-1 = {http://dx.doi.org/10.1145/1327452.1327492}}

@inproceedings{storkcloud,
	Acmid = {2465855},
	Author = {Kosar, Tevfik and Arslan, Engin and Ross, Brandon and Zhang, Bing},
	Booktitle = {Proc. of the 4th Workshop on Scientific Cloud Computing},
	Date-Modified = {2015-03-25 11:14:14 +0000},
	Doi = {10.1145/2465848.2465855},
	Isbn = {978-1-4503-1979-9},
	Keywords = {big data, cloud computing, data scheduling., end-to-end throughput optimization, software as a service (SAAS)},
	Location = {New York, New York, USA},
	Numpages = {8},
	Pages = {29--36},
	Series = {Science Cloud '13},
	Title = {StorkCloud: Data Transfer Scheduling and Optimization As a Service},
	Year = {2013},
	Bdsk-Url-1 = {http://dx.doi.org/10.1145/2465848.2465855}}

@inproceedings{netstitcher,
	Acmid = {2018446},
	Author = {Laoutaris, Nikolaos and Sirivianos, Michael and Yang, Xiaoyuan and Rodriguez, Pablo},
	Booktitle = {Proceedings of the ACM SIGCOMM 2011 Conference},
	Date-Modified = {2015-03-25 11:11:46 +0000},
	Doi = {10.1145/2018436.2018446},
	Isbn = {978-1-4503-0797-0},
	Keywords = {bulk transfers, inter-datacenter traffic, store-and-forward},
	Location = {Toronto, Ontario, Canada},
	Numpages = {12},
	Pages = {74--85},
	Series = {SIGCOMM '11},
	Title = {Inter-datacenter Bulk Transfers with Netstitcher},
	Year = {2011},
	Bdsk-Url-1 = {http://dx.doi.org/10.1145/2018436.2018446}}

@inproceedings{characterization,
	Author = {Bharathi, S. and Chervenak, A. and Deelman, E. and Mehta, G. and Mei-Hui Su and Vahi, K.},
	Booktitle = {Workflows in Support of Large-Scale Science, 3rd Workshop on},
	Date-Modified = {2015-03-25 11:10:56 +0000},
	Doi = {10.1109/WORKS.2008.4723958},
	Keywords = {data analysis;data structures;natural sciences computing;scheduling;workflow management software;computational requirement;data requirement;scientific workflow characterization;scientific workflow planning;scientific workflow scheduling;workflow execution profile;Astronomy;Biology;Character generation;Earthquakes;Geometry;Libraries;Performance analysis;Physics;Scheduling algorithm;Workflow management software},
	Pages = {1-10},
	Title = {Characterization of scientific workflows},
	Year = {2008},
	Bdsk-Url-1 = {http://dx.doi.org/10.1109/WORKS.2008.4723958}}

@inproceedings{swift,
	Author = {Yong Zhao and Hategan, M. and Clifford, B. and Foster, I. and von Laszewski, G. and Nefedova, V. and Raicu, I.},
	Booktitle = {Services, 2007 IEEE Congress on},
	Date-Modified = {2015-03-25 11:09:23 +0000},
	Doi = {10.1109/SERVICES.2007.63},
	Keywords = {formal specification;grid computing;software reliability;GriPhyN virtual data system;Swift system;SwiftScript language;complex file system structures;runtime system;scripting language;Computer science;Concurrent computing;Data systems;Distributed computing;File systems;High performance computing;Laboratories;Magnetic analysis;Mathematics;Power system reliability},
	Pages = {199-206},
	Title = {Swift: Fast, Reliable, Loosely Coupled Parallel Computation},
	Year = {2007},
	Bdsk-Url-1 = {http://dx.doi.org/10.1109/SERVICES.2007.63}}

@misc{googlecloud,
	Date-Modified = {2015-03-25 11:07:53 +0000},
	Note = {\url{https://developers.google.com/events/io/sessions/333315382}},
	Title = {Cloud Computing and {HEP} Physics: How {ATLAS} Experiment at {CERN} Uses {G}oogle Compute Engine in the Search for New Physics at {LHC}}}

@article{tomusblobs,
	Author = {Costan, Alexandru and Tudoran, Radu and Antoniu, Gabriel and Brasche, Goetz},
	Date-Modified = {2015-03-25 11:06:07 +0000},
	Doi = {10.1002/cpe.3034},
	Issn = {1532-0634},
	Journal = {Concurrency and Computation: Practice and Experience},
	Keywords = {big data, cloud computing, data-intensive processing, cloud storage, MapReduce, scientific applications, Azure},
	Title = {TomusBlobs: scalable data-intensive processing on Azure clouds},
	Year = {2013},
	Bdsk-Url-1 = {http://dx.doi.org/10.1002/cpe.3034}}

@article{globus,
	Author = {Bryce Allen and John Bresnahan and Lisa Childers and Ian Foster and Gopi Kandaswamy and Raj Kettimuthu and Jack Kordas and Mike Link},
	Date-Modified = {2015-03-25 11:03:22 +0000},
	Journal = {Comm. of the ACM},
	Keywords = {cloud service, globus, open source, software engineering, software as a service, scientific software},
	Number = {2},
	Organization = {ACM},
	Pages = {81-88},
	Publisher = {ACM},
	Title = {Software as a Service for Data Scientists},
	Volume = {55},
	Year = {2012}}

@inproceedings{gpfs,
	Acmid = {1083349},
	Address = {Berkeley, CA, USA},
	Articleno = {19},
	Author = {Schmuck, Frank and Haskin, Roger},
	Booktitle = {Proc. of the 1st USENIX Conference on File and Storage Technologies},
	Date-Modified = {2015-03-25 10:59:05 +0000},
	Location = {Monterey, CA},
	Series = {FAST '02},
	Title = {{GPFS}: A Shared-Disk File System for Large Computing Clusters},
	Year = {2002}}

@misc{hdfs,
	Date-Modified = {2015-03-25 11:01:30 +0000},
	Note = {\url{http://hadoop.apache.org/docs/r1.2.1/hdfs_design.html}},
	Title = {{HDFS}}}

@misc{lustre,
	Note = {\url{http://lustre.org/}},
	Title = {Lustre - {OpenSFS}}}

@article{versatile,
	Acmid = {1740394},
	Address = {New York, NY, USA},
	Author = {Al-Kiswany, Samer and Gharaibeh, Abdullah and Ripeanu, Matei},
	Date-Modified = {2015-03-25 10:57:49 +0000},
	Doi = {10.1145/1740390.1740394},
	Issn = {0163-5980},
	Issue_Date = {January 2010},
	Journal = {SIGOPS Oper. Syst. Rev.},
	Keywords = {dynamic deployment, high performance storage, storage system specialization, versatile storage system},
	Numpages = {5},
	Pages = {10--14},
	Publisher = {ACM},
	Title = {The Case for a Versatile Storage System},
	Volume = {44},
	Year = {2010},
	Bdsk-Url-1 = {http://dx.doi.org/10.1145/1740390.1740394}}

@inproceedings{buzz,
	Author = {Dias, J. and Ogasawara, E. and De Oliveira, D. and Porto, F. and Valduriez, P. and Mattoso, M.},
	Booktitle = {Big Data, 2013 IEEE Intl. Conf. on},
	Doi = {10.1109/BigData.2013.6691567},
	Pages = {150-155},
	Title = {Algebraic dataflows for big data analysis},
	Year = {2013},
	Bdsk-Url-1 = {http://dx.doi.org/10.1109/BigData.2013.6691567}}

@inproceedings{escience,
	Author = {Simmhan, Y. and van Ingen, C. and Subramanian, G. and Jie Li},
	Booktitle = {Cloud Computing (CLOUD), IEEE 3rd Intl. Conf. on},
	Date-Modified = {2015-03-25 10:57:04 +0000},
	Doi = {10.1109/CLOUD.2010.72},
	Month = {July},
	Pages = {474-481},
	Title = {Bridging the Gap between Desktop and the Cloud for eScience Applications},
	Year = {2010},
	Bdsk-Url-1 = {http://dx.doi.org/10.1109/CLOUD.2010.72}}

@article{sloan,
	Author = {Neilsen Jr., Eric H.},
	Doi = {http://dx.doi.org/10.1109/MCSE.2008.16},
	Journal = {Computing in Science \& Engineering},
	Number = {1},
	Pages = {13-17},
	Title = {The Sloan Digital Sky Survey Data Archive Server},
	Volume = {10},
	Year = {2008},
	Bdsk-Url-1 = {http://dx.doi.org/10.1109/MCSE.2008.16}}

@article{ztr,
	Author = {Bonfield, James K. and Staden, Rodger},
	Doi = {10.1093/bioinformatics/18.1.3},
	Eprint = {http://bioinformatics.oxfordjournals.org/content/18/1/3.full.pdf+html},
	Journal = {Bioinformatics},
	Number = {1},
	Pages = {3-10},
	Title = {ZTR: a new format for DNA sequence trace data},
	Volume = {18},
	Year = {2002},
	Bdsk-Url-1 = {http://dx.doi.org/10.1093/bioinformatics/18.1.3}}

@article{memcached,
	Acmid = {1012894},
	Address = {Houston, TX},
	Author = {Fitzpatrick, Brad},
	Date-Modified = {2015-03-25 10:54:15 +0000},
	Issn = {1075-3583},
	Issue_Date = {August 2004},
	Journal = {Linux Journal},
	Month = aug,
	Number = {124},
	Pages = {5--},
	Publisher = {Belltown Media},
	Title = {Distributed Caching with Memcached},
	Volume = {2004},
	Year = {2004}}

@article{gfs,
	Acmid = {945450},
	Address = {New York, NY, USA},
	Author = {Ghemawat, Sanjay and Gobioff, Howard and Leung, Shun-Tak},
	Doi = {10.1145/1165389.945450},
	Issn = {0163-5980},
	Issue_Date = {December 2003},
	Journal = {SIGOPS Oper. Syst. Rev.},
	Keywords = {clustered storage, data storage, fault tolerance, scalability},
	Month = oct,
	Number = {5},
	Numpages = {15},
	Pages = {29--43},
	Publisher = {ACM},
	Title = {The Google File System},
	Volume = {37},
	Year = {2003},
	Bdsk-Url-1 = {http://dx.doi.org/10.1145/1165389.945450}}

@inproceedings{vldb07,
	Acmid = {1325981},
	Author = {Stonebraker, Michael and Madden, Samuel and Abadi, Daniel J. and Hachem, Nabil},
	Booktitle = {Proc. of the 33rd Intl. Conf. on Very Large Data Bases},
	Date-Modified = {2015-03-25 10:47:03 +0000},
	Isbn = {978-1-59593-649-3},
	Location = {Vienna, Austria},
	Numpages = {11},
	Pages = {1150--1160},
	Series = {VLDB '07},
	Title = {The End of an Architectural Era: Time for a Complete Rewrite}}

@inproceedings{onesize,
	Author = {Stonebraker, M. and Cetintemel, U.},
	Booktitle = {Data Engineering, 2005. ICDE 2005. Proceedings. 21st International Conference on},
	Doi = {10.1109/ICDE.2005.1},
	Issn = {1084-4627},
	Keywords = {data warehouses;relational databases;commercial DBMS development;data-warehouse market;database management system;database market;relational database;stream-processing market;Artificial intelligence;Computer architecture;Computer science;Costs;Data warehouses;Databases;Delay;Engines;Laboratories;Prototypes},
	Month = {April},
	Pages = {2-11},
	Title = {"One size fits all": an idea whose time has come and gone},
	Year = {2005},
	Bdsk-Url-1 = {http://dx.doi.org/10.1109/ICDE.2005.1}}

@inproceedings{indexing,
	Acmid = {1807232},
	Author = {Wang, Jinbao and Wu, Sai and Gao, Hong and Li, Jianzhong and Ooi, Beng Chin},
	Booktitle = {Proc. of the 2010 ACM SIGMOD Intl. Conf. on Management of Data},
	Date-Modified = {2015-03-25 10:42:30 +0000},
	Doi = {10.1145/1807167.1807232},
	Isbn = {978-1-4503-0032-2},
	Keywords = {cloud, index, query processing},
	Location = {Indianapolis, Indiana, USA},
	Numpages = {12},
	Pages = {591--602},
	Title = {Indexing Multi-dimensional Data in a Cloud System},
	Year = {2010},
	Bdsk-Url-1 = {http://dx.doi.org/10.1145/1807167.1807232}}

@article{btree,
	Acmid = {1920991},
	Author = {Wu, Sai and Jiang, Dawei and Ooi, Beng Chin and Wu, Kun-Lung},
	Doi = {10.14778/1920841.1920991},
	Issn = {2150-8097},
	Issue_Date = {September 2010},
	Journal = {Proc. VLDB Endow.},
	Month = sep,
	Number = {1-2},
	Numpages = {12},
	Pages = {1207--1218},
	Publisher = {VLDB Endowment},
	Title = {Efficient B-tree Based Indexing for Cloud Data Processing},
	Volume = {3},
	Year = {2010},
	Bdsk-Url-1 = {http://dx.doi.org/10.14778/1920841.1920991}}

@inproceedings{spyglass,
	Author = {Leung, Andrew W and Shao, Minglong and Bisson, Timothy and Pasupathy, Shankar and Miller, Ethan L},
	Booktitle = {FAST},
	Pages = {153--166},
	Title = {Spyglass: Fast, Scalable Metadata Search for Large-Scale Storage Systems.},
	Volume = {9},
	Year = {2009}}

@article{blobseer,
	Author = {Bogdan Nicolae and Gabriel Antoniu and Luc Boug{\'e} and Diana Moise},
	Date-Modified = {2015-03-25 10:39:58 +0000},
	Doi = {http://dx.doi.org/10.1016/j.jpdc.2010.08.004},
	Issn = {0743-7315},
	Journal = {J. of Parallel and Distributed Computing},
	Keywords = {MapReduce},
	Pages = {169 - 184},
	Title = {BlobSeer: Next-generation data management for large scale infrastructures},
	Volume = {71},
	Year = {2011},
	Bdsk-Url-1 = {http://dx.doi.org/10.1016/j.jpdc.2010.08.004}}

@inproceedings{nfs,
	Author = {Sandberg, Russel and Goldberg, David and Kleiman, Steve and Walsh, Dan and Lyon, Bob},
	Booktitle = {Proceedings of the Summer USENIX conference},
	Pages = {119--130},
	Title = {Design and implementation of the Sun network filesystem},
	Year = {1985}}

@inproceedings{ceph,
	Acmid = {1298485},
	Address = {Berkeley, CA, USA},
	Author = {Weil, Sage A. and Brandt, Scott A. and Miller, Ethan L. and Long, Darrell D. E. and Maltzahn, Carlos},
	Booktitle = {Proc. of the 7th Symposium on Operating Systems Design and Implementationon Operating Systems Design and Implementation},
	Date-Modified = {2015-03-25 10:37:26 +0000},
	Isbn = {1-931971-47-1},
	Location = {Seattle, Washington},
	Numpages = {14},
	Pages = {307--320},
	Publisher = {USENIX Association},
	Series = {OSDI '06},
	Title = {Ceph: A Scalable, High-performance Distributed File System},
	Year = {2006}}

@misc{giraffa,
	Date-Modified = {2015-03-25 10:35:28 +0000},
	Note = {\url{https://code.google.com/a/apache-extras.org/p/giraffa/}},
	Title = {Giraffa}}

@inproceedings{calvinfs,
  title={{CalvinFS}: consistent WAN replication and scalable metadata management for distributed file systems},
  author={Thomson, Alexander and Abadi, Daniel J},
  booktitle={Proceedings of the 13th USENIX Conference on File and Storage Technologies},
  pages={1--14},
  year={2015},
  organization={USENIX Association}
}

@inproceedings{hotdata,
  title={Identifying hot and cold data in main-memory databases},
  author={Levandoski, Justin J and Larson, P-A and Stoica, Radu},
  booktitle={Data Engineering (ICDE), 2013 IEEE 29th International Conference on},
  pages={26--37},
  year={2013},
  organization={IEEE}
}

@online{hotdataibm,
  author = {Gibson, Dan},
  title = {{Is Your Big Data Hot, Warm, or Cold?}},
  year = 2012,
  url = {http://www.ibmbigdatahub.com/blog/your-big-data-hot-warm-or-cold},
  urldate = {2016-03-01}
}

@ARTICLE{Deelman2009,
  author = {E. Deelman and D. Gannon and M. Shields and I. Taylor},
  title = {Workflows and e-Science: An Overview of Workflow System Features
	and Capabilities},
  journal = {Future Generation Computer Systems},
  year = {2009},
  volume = {25},
  pages = {528--540},
  number = {5}
}

@INPROCEEDINGS{pineda, 
author={L. Pineda-Morales and A. Costan and G. Antoniu}, 
booktitle={Cluster Computing (CLUSTER), 2015 IEEE International Conference on}, 
title={Towards Multi-site Metadata Management for Geographically Distributed Cloud Workflows}, 
year={2015}, 
pages={294-303}, 
keywords={cloud computing;meta data;workflow management software;Microsoft Azure cloud;Montage application;data intensive application;distributed file system;geographically distributed cloud workflow;metadata partitioning hierarchy;metadata-intensive synthetic benchmark;multisite metadata management;Cloud computing;Distributed databases;Engines;Europe;Metadata;Servers;Synchronization;metadata management;multi-site clouds;scientific workflows}, 
doi={10.1109/CLUSTER.2015.49}, 
month={Sept},}

@article{Liu2015,
year={2015},
journal={Journal of Grid Computing},
title={A Survey of Data-Intensive Scientific Workflow Management},
author={J. Liu and E. Pacitti and P. Valduriez and M. Mattoso},
pages={1-37}
}

@ARTICLE{Deelman2005,
  author = {E. Deelman and G. Singh and M.-H. Su and J. Blythe and Y. Gil and
	C. Kesselman and G. Mehta and K. Vahi and G. B. Berriman and J. Good
	and A. Laity and J. C. Jacob and D. S. Katz},
  title = {Pegasus: A Framework for Mapping Complex Scientific Workflows Onto
	Distributed Systems},
  journal = {Scientific Programming},
  year = {2005},
  volume = {13},
  pages = {219--237},
  number = {3}
}

@ARTICLE{Ogasawara2013,
  author = {E. S. Ogasawara and J. Dias and V. Silva and F. S. Chirigati and
	D. de Oliveira and F. Porto and P. Valduriez and M. Mattoso},
  title = {Chiron: a parallel engine for algebraic scientific workflows},
  journal = {Concurrency and Computation: Practice and Experience},
  year = {2013},
  volume = {25},
  pages = {2327-2341},
  number = {16}
}


@inproceedings{metadatawall,
 author = {Alam, Sadaf R. and El-Harake, Hussein N. and Howard, Kristopher and Stringfellow, Neil and Verzelloni, Fabio},
 title = {Parallel I/O and the Metadata Wall},
 booktitle = {Proceedings of the Sixth Workshop on Parallel Data Storage},
 series = {PDSW '11},
 year = {2011},
 isbn = {978-1-4503-1103-8},
 location = {Seattle, Washington, USA},
 pages = {13--18},
 numpages = {6},
 url = {http://doi.acm.org/10.1145/2159352.2159356},
 doi = {10.1145/2159352.2159356},
 acmid = {2159356},
 publisher = {ACM},
 address = {New York, NY, USA},
 keywords = {metadata benchmarking, parallel file systems, solid state disk},
}

@Inbook{cybershake1,
author="Maechling, Philip
and Deelman, Ewa
and Zhao, Li
and Graves, Robert
and Mehta, Gaurang
and Gupta, Nitin
and Mehringer, John
and Kesselman, Carl
and Callaghan, Scott
and Okaya, David
and Francoeur, Hunter
and Gupta, Vipin
and Cui, Yifeng
and Vahi, Karan
and Jordan, Thomas
and Field, Edward",
editor="Taylor, Ian J.
and Deelman, Ewa
and Gannon, Dennis B.
and Shields, Matthew",
chapter="SCEC CyberShake Workflows---Automating Probabilistic Seismic Hazard Analysis Calculations",
title="Workflows for e-Science: Scientific Workflows for Grids",
year="2007",
publisher="Springer London",
address="London",
pages="143--163",
isbn="978-1-84628-757-2",
doi="10.1007/978-1-84628-757-2_10",
url="http://dx.doi.org/10.1007/978-1-84628-757-2_10"
}

@article{characterizing,
title = "Characterizing and profiling scientific workflows ",
journal = "Future Generation Computer Systems ",
volume = "29",
number = "3",
pages = "682 - 692",
year = "2013",
note = "Special Section: Recent Developments in High Performance Computing and Security ",
issn = "0167-739X",
doi = "http://dx.doi.org/10.1016/j.future.2012.08.015",
url = "http://www.sciencedirect.com/science/article/pii/S0167739X12001732",
author = "Gideon Juve and Ann Chervenak and Ewa Deelman and Shishir Bharathi and Gaurang Mehta and Karan Vahi",
keywords = "Scientific workflows",
keywords = "Profiling",
keywords = "Performance",
keywords = "Measurement "
}

@article{Toosi2014,
 author = {A. N. Toosi and R. N. Calheiros and R. Buyya},
 title = {Interconnected Cloud Computing Environments: Challenges, Taxonomy, and Survey},
 journal = {ACM Computing Surveys},
 volume = {47},
 number = {1},
 year = {2014},
 pages = {7:1--7:47},
 articleno = {7},
 numpages = {47}
} 

@inproceedings{Liu2016,
  author    = {J. Liu and
               E. Pacitti and
               P. Valduriez and 
               M. Mattoso.},
  title     = {Scientific Workflow Scheduling with Provenance Support in Multisite Cloud},
  booktitle = {High Performance Computing for Computational Science {VECPAR}},
  year      = {2016},
  note = {To appear}
}

@inproceedings{Liu2016,
  author    = {J. Liu and
               E. Pacitti and
               P. Valduriez and 
               M. Mattoso.},
  title     = {Scientific Workflow Scheduling with Provenance Support in Multisite Cloud},
  booktitle = {High Performance Computing for Computational Science {VECPAR}},
  year      = {2016},
  note = {To appear}
}

@inproceedings{Liu2016a,
  author    = {J. Liu and
               E. Pacitti and
               P. Valduriez and
		D. de Oliveira and 
               M. Mattoso},
  title     = {Multi-Objective Scheduling of ScientificWorkflows in Multisite Clouds},
  booktitle = {BDA},
  year      = {2016},
  note = {To appear}
}

@inproceedings{Zhao2013,
  author    = {D. Zhao and
               C. Shou and
               T. Maliky and
               I. Raicu},
  title     = {Distributed data provenance for large-scale data-intensive computing},
  booktitle = {{IEEE} Int. Conf. on Cluster Computing, {CLUSTER}},
  pages     = {1-8},
  year      = {2013}
}

@inproceedings{Gehani2010,
  author    = {A. Gehani and
               M. Kim and
               T. Malik},
  title     = {Efficient querying of distributed provenance stores},
  booktitle = {{ACM} Int. Symposium on High Performance Distributed Computing {HPDC} },
  pages     = {613-621},
  year      = {2010}
}

@inproceedings{Malik2010,
  author    = {T. Malik and
               L. Nistor and
               A. Gehani},
  title     = {Tracking and Sketching Distributed Data Provenance},
  booktitle = {Sixth Int. Conf. on e-Science},
  pages     = {190-197},
  year      = {2010}
}


@article{Deelman2016,
  author    = {E. Deelman and
               K. Vahi and
               M. Rynge and
               G. Juve and
               R. Mayani and
               R. Ferreira da Silva},
  title     = {Pegasus in the Cloud: Science Automation through Workflow Technologies},
  journal   = {{IEEE} Internet Computing},
  volume    = {20},
  number    = {1},
  pages     = {70-76},
  year      = {2016}
}

@INPROCEEDINGS{fusionfs, 
author={D. Zhao and Z. Zhang and X. Zhou and T. Li and K. Wang and D. Kimpe and P. Carns and R. Ross and I. Raicu}, 
booktitle={Big Data (Big Data), 2014 IEEE International Conference on}, 
title={FusionFS: Toward supporting data-intensive scientific applications on extreme-scale high-performance computing systems}, 
year={2014}, 
pages={61-70}, 
keywords={distributed databases;meta data;parallel processing;storage management;FusionFS distributed file system;GPFS;HDFS;IBM Blue Gene-P supercomputer;PVFS;data-intensive;distributed storage layer;high-performance computing systems;metadata-intensive;storage resources;write-intensive operations;Computer architecture;Distributed databases;Fuses;Protocols;Servers;Supercomputers;Throughput}, 
doi={10.1109/BigData.2014.7004214}, 
month={Oct},}

@article{taverna,
author = {Wolstencroft, Katherine and Haines, Robert and Fellows, Donal and Williams, Alan and Withers, David and Owen, Stuart and Soiland-Reyes, Stian and Dunlop, Ian and Nenadic, Aleksandra and Fisher, Paul and Bhagat, Jiten and Belhajjame, Khalid and Bacall, Finn and Hardisty, Alex and Nieva de la Hidalga, Abraham and Balcazar Vargas, Maria P. and Sufi, Shoaib and Goble, Carole}, 
title = {The Taverna workflow suite: designing and executing workflows of Web Services on the desktop, web or in the cloud},
volume = {41}, 
number = {W1}, 
pages = {W557-W561}, 
year = {2013}, 
doi = {10.1093/nar/gkt328}, 
eprint = {http://nar.oxfordjournals.org/content/41/W1/W557.full.pdf+html}, 
journal = {Nucleic Acids Research} 

@inproceedings{montagedegree,
 author = {Deelman, Ewa and Singh, Gurmeet and Livny, Miron and Berriman, Bruce and Good, John},
 title = {The Cost of Doing Science on the Cloud: The Montage Example},
 booktitle = {Proceedings of the 2008 ACM/IEEE Conference on Supercomputing},
 series = {SC '08},
 year = {2008},
 isbn = {978-1-4244-2835-9},
 location = {Austin, Texas},
 pages = {50:1--50:12},
 articleno = {50},
 numpages = {12},
 url = {http://dl.acm.org/citation.cfm?id=1413370.1413421},
 acmid = {1413421},
 publisher = {IEEE Press},
 address = {Piscataway, NJ, USA},
} 
}

@article{vesta,
 author = {Corbett, Peter F. and Feitelson, Dror G.},
 title = {The Vesta Parallel File System},
 journal = {ACM Trans. Comput. Syst.},
 issue_date = {Aug. 1996},
 volume = {14},
 number = {3},
 month = aug,
 year = {1996},
 issn = {0734-2071},
 pages = {225--264},
 numpages = {40},
 url = {http://doi.acm.org/10.1145/233557.233558},
 doi = {10.1145/233557.233558},
 acmid = {233558},
 publisher = {ACM},
 address = {New York, NY, USA},
 keywords = {data partitioning, parallel computing, parallel file system},
} 

@Article{spade,
author="Zaki, Mohammed J.",
title="SPADE: An Efficient Algorithm for Mining Frequent Sequences",
journal="Machine Learning",
volume="42",
number="1",
pages="31--60",
doi="10.1023/A:1007652502315",
url="http://dx.doi.org/10.1023/A:1007652502315"
}

@article{RAMA,
title = "{RAMA}: An easy-to-use, high-performance parallel file system ",
journal = "Parallel Computing ",
volume = "23",
number = "4‚Äì5",
pages = "419 - 446",
year = "1997",
note = "Parallel I/O ",
issn = "0167-8191",
doi = "http://dx.doi.org/10.1016/S0167-8191(97)00008-2",
url = "http://www.sciencedirect.com/science/article/pii/S0167819197000082",
author = "Ethan L. Miller and Randy H. Katz",
}

@INPROCEEDINGS{Deelman2008, 
author={E. Deelman and G. Singh and M. Livny and B. Berriman and J. Good}, 
booktitle={Int. Conf. for High Performance Computing, Networking, Storage and Analysis.}, 
title={The cost of doing science on the cloud: The Montage example}, 
year={2008}, 
pages={1-12}
}

@INPROCEEDINGS{LazyHybrid, 
author={S. A. Brandt and E. L. Miller and D. D. E. Long and Lan Xue}, 
booktitle={Mass Storage Systems and Technologies, 2003. (MSST 2003). Proceedings. 20th IEEE/11th NASA Goddard Conference on}, 
title={Efficient metadata management in large distributed storage systems}, 
year={2003}, 
pages={290-298}, 
keywords={storage management;directory subtree partitioning;hashing;large distributed storage systems;lazy hybrid metadata management;system performance;Contracts;File servers;File systems;High-speed networks;Laboratories;Network servers;Permission;Scalability;Storage area networks;System performance}, 
doi={10.1109/MASS.2003.1194865}, 
month={April},}

@article{Gonzalez09,
  author    = {L. M. Gonzalez and L. Rodero{-}Merino and J. Caceres and M. A. Lindner},
  title     = {A break in the clouds: towards a cloud definition},
  journal   = {Computer Communication Review},
  volume    = {39},
  number    = {1},
  pages     = {50-55},
  year      = {2009}
}

@inproceedings{Oliveira13,
  author    = {D. de Oliveira and V. Viana and E. S. Ogasawara and K. A. C. S. Oca{\~{n}}a and M. Mattoso},
  title     = {Dimensioning the virtual cluster for parallel scientific workflows
               in clouds},
  booktitle = {ScienceCloud'13, Proceedings of the 4th {ACM} {HPDC} Workshop on Scientific
               Cloud Computing},
  pages     = {5-12},
  year      = {2013}
}

@article{Emeakaroha13,
  author    = {V. C. Emeakaroha and M. Maurer and P. Stern and P. P. Labaj and I. Brandic and D. P. Kreil},
  title     = {Managing and Optimizing Bioinformatics Workflows for Data Analysis
               in Clouds},
  journal   = {Journal of Grid Computing},
  volume    = {11},
  number    = {3},
  pages     = {407-428},
  year      = {2013}
}

@inproceedings{Shen11,
  author    = {Z. Shen and
               S. Subbiah and
               X. Gu and
               J. Wilkes},
  title     = {CloudScale: elastic resource scaling for multi-tenant cloud systems},
  booktitle = {{ACM} Symposium on Cloud Computing in conjunction with {SOSP}},
  pages     = {5},
  year      = {2011}
}

@inproceedings{Xu12,
  author    = {L. Xu and Z. Zeng and X. Ye},
  title     = {Multi-objective Optimization Based Virtual Resource Allocation Strategy
               for Cloud Computing},
  booktitle = {{IEEE/ACIS} 11th Int. Conf. on Computer and Information
               Science},
  pages     = {56-61},
  year      = {2012}
}

@inproceedings{Luo2012,
 author = {Y. Luo and B. Plale},
 title = {Hierarchical MapReduce Programming Model and Scheduling Algorithms},
 booktitle = {Proceedings of 12th IEEE/ACM Int. Symposium on Cluster, Cloud and Grid Computing (Ccgrid)},
 year = {2012},
 pages = {769-774},
 numpages = {6}
} 


@article{Wang2013,
  author    = {L. Wang and
               J. Tao and
               R. Ranjan and
               H. Marten and
               A. Streit and
               J. Chen and
               D. Chen},
  title     = {G-Hadoop: MapReduce across distributed data centers for data-intensive
               computing},
  journal   = {Future Generation Comp. Syst.},
  volume    = {29},
  number    = {3},
  pages     = {739-750},
  year      = {2013}
}

@inproceedings{Deelman2006z,
  author    = {E. Deelman and
               S. Callaghan and
               E. Field and
               H. Francoeur and
               R. Graves and
               N. Gupta and
               V. Gupta and
               T. H. Jordan and
               C. Kesselman and
               P. Maechling and
               J. Mehringer and
               G. Mehta and
               D. Okaya and
               K. Vahi and
               L. Zhao},
  title     = {Managing Large-Scale Workflow Execution from Resource Provisioning
               to Provenance Tracking: The CyberShake Example},
  booktitle = {Second Int. Conf. on e-Science and Grid Technologies},
  pages     = {14},
  year      = {2006}
}

@article{Liu16,
  author    = {J. Liu and E. Pacitti and P. Valduriez and D. de Oliveira and M. Mattoso},
  title     = {Multi-objective scheduling of Scientific Workflows in multisite clouds},
  journal   = {Future Generation Computer Systems},
  volume    = {63},
  pages     = {76-95},
  year      = {2016}
}

@misc{alice,
	Note = {\url{http://aliceinfo.cern.ch/general/index.html}},
	Title = {{Alice Collaboration}}}


@article{Williams2009,
author = { D. N.  Williams  and  R.  Drach  and  R.  Ananthakrishnan  and  I. T.  Foster  and  D.  Fraser  and  F.  Siebenlist  and  D. E.  Bernholdt  and  M.  Chen  and  J.  Schwidder  and  S.  Bharathi  and  A. L.  Chervenak  and  R.  Schuler  and  M.  Su  and  D.  Brown  and  L.  Cinquini  and  P.  Fox  and  J.  Garcia  and  D. E.  Middleton  and  W. G.  Strand  and  N.  Wilhelmi  and  S.  Hankin  and  R.  Schweitzer  and  P.  Jones  and  A.  Shoshani  and  A.  Sim },
title = {The Earth System Grid: Enabling Access to Multimodel Climate Simulation Data},
journal = {Bulletin of the American Meteorological Society},
volume = {90},
number = {2},
pages = {195-205},
year = {2009}
}

@Article{Perry2005,
author={J. Perry and L. Smith and A. N. Jackson and R. D. Kenway and B. Joo and C. M. Maynard and A. Trew and D. Byrne and G. Beckett and C. T. H. Davies and S. Downing and A. C. Irving and C. McNeile and Z. Sroczynski and C. R. Allton and W. Armour and J. M. Flynn},
title={QCDgrid: A Grid Resource for Quantum Chromodynamics},
journal={Journal of Grid Computing},
year={2005},
volume={3},
number={1},
pages={113-130}
}





@inproceedings {Bronson2013,
author = {N. Bronson and Z. Amsden and G. Cabrera and P. Chakka and P. Dimov and H. Ding and J. Ferris and A. Giardullo and S. Kulkarni and H. Li and M. Marchukov and D. Petrov and L. Puzar and Y. J. Song and V. Venkataramani},
title = {TAO: Facebook{\textquoteright}s Distributed Data Store for the Social Graph},
booktitle = {USENIX Annual Technical Conference},
year = {2013},
pages = {49--60}
}



@inproceedings{dbmschiron,
	Author = {R. Souza and V. Silva and Daniel Oliveira and Patrick Valduriez and A.A.B. Lima and Marta Mattoso},
	Booktitle = {ACM/IEEE Conference on Supercomputing, Poster},
	Title = {Parallel execution of workflows driven by a distributed database management system},
	Year = {2015},
	url={http://sc15.supercomputing.org/sites/all/themes/SC15images/tech_poster/poster_files/post284s2-file3.pdf}}